34200.008088354,4,3098726,2,9389000,-1
34200.008118683,4,6909142,1,9389200,-1
34200.008121495,4,2999890,20,9391000,-1
34200.008136107,1,6927670,5,9374300,1
34200.008137727,1,6927674,73,9361100,1
34200.008138777,1,6927678,1,9370700,1
34200.008142019,1,6927686,5,9374500,1
34200.008261446,5,0,2,9394500,1
34200.008295227,3,6927674,73,9361100,1
34200.009720082,4,6927686,1,9374500,1
34200.009771323,3,6927670,5,9374300,1
34200.009771541,3,6927678,1,9370700,1
34200.009772802,1,6928462,1,9389300,-1
34200.009777664,3,6927686,4,9374500,1
34200.010724125,3,6928462,1,9389300,-1
34200.010724125,1,6929370,1,9389400,-1
34200.010773103,4,6929370,1,9389400,-1
34200.010773103,5,0,16,9394500,1
34200.010910221,1,6929634,73,9361100,1
34200.010917584,1,6929650,5,9374500,1
34200.010920233,1,6929658,1,9369100,1
34200.011041165,3,6929634,73,9361100,1
34200.011417982,4,6929650,1,9374500,1
34200.011458827,3,6929650,4,9374500,1
34200.011469571,3,6929658,1,9369100,1
34200.012416401,1,6932658,1,9389600,-1
34200.012968176,4,6932658,1,9389600,-1
34200.012968176,5,0,1,9394500,1
34200.013034593,1,6933502,5,9374500,1
34200.013038032,1,6933514,1,9369100,1
34200.013126816,4,6933502,1,9374500,1
34200.013184665,3,6933514,1,9369100,1
34200.013194449,3,6933502,4,9374500,1
34200.01397142,5,0,1,9394500,1
34200.014038757,1,6934542,1,9369100,1
34200.014049026,1,6934570,5,9374500,1
34200.014606344,1,6935294,1,9389800,-1
34200.014661341,3,6934542,1,9369100,1
34200.01466735,3,6934570,5,9374500,1
34200.014835908,3,6761518,1,9354900,1
34200.014835908,1,6935658,1,9368600,1
34200.01568829,3,6935658,1,9368600,1
34200.01568829,1,6936686,1,9355700,1
34200.016498423,3,6936686,1,9355700,1
34200.016498423,1,6937370,1,9360100,1
34200.017391005,3,6937370,1,9360100,1
34200.017391005,1,6938366,1,9355700,1
34200.026144021,1,6947330,100,9396800,-1
34200.040957484,1,6959526,116,9361000,1
34200.041708348,1,6960382,47,9353500,1
34200.064405294,3,6960382,47,9353500,1
34200.065105338,1,6975230,65,9356900,1
34200.073705192,5,0,8,9365700,1
34200.073757837,1,6979714,1,9384700,-1
34200.0811847,3,6935294,1,9389800,-1
34200.0811847,1,6981802,1,9389900,-1
34200.081794914,1,6982174,3,9375100,1
34200.081874098,3,6979714,1,9384700,-1
34200.081951063,3,6982174,3,9375100,1
34200.092537272,3,6947330,100,9396800,-1
34200.097967359,3,6975230,65,9356900,1
34200.09864216,1,6988350,46,9353700,1
34200.101321166,4,6981802,1,9389900,-1
34200.101364889,1,6989350,73,9361100,1
34200.101369442,1,6989354,1,9365100,1
34200.101373164,1,6989358,5,9370400,1
34200.101489203,3,6989350,73,9361100,1
34200.10299106,1,6989974,1,9390000,-1
34200.103023268,3,6989354,1,9365100,1
34200.10302542,3,6989358,5,9370400,1
34200.106843363,1,6991526,30,9404200,-1
34200.110274344,3,6989974,1,9390000,-1
34200.110274344,1,6992570,1,9375700,-1
34200.111143707,3,6992570,1,9375700,-1
34200.111143707,1,6992810,1,9390000,-1
34200.111662017,4,6992810,1,9390000,-1
34200.111710384,1,6992902,5,9370500,1
34200.111711682,1,6992906,73,9361100,1
34200.11171456,1,6992910,1,9365200,1
34200.11180892,3,6992906,73,9361100,1
34200.112292025,1,6993150,3,9371300,1
34200.113402392,1,6993606,1,9390200,-1
34200.11365651,1,6993622,1,9364700,1
34200.113659353,3,6992902,5,9370500,1
34200.113661029,3,6992910,1,9365200,1
34200.113727289,3,6993150,3,9371300,1
34200.115286224,3,6993622,1,9364700,1
34200.115286224,1,6994318,1,9358600,1
34200.115628006,1,6994398,25,9403500,-1
34200.115952303,4,6993606,1,9390200,-1
34200.115952303,5,0,19,9394500,1
34200.115999895,1,6994534,5,9375000,1
34200.116034684,1,6994542,1,9369700,1
34200.117588501,5,0,17,9394500,1
34200.117617169,1,6995150,1,9390300,-1
34200.11764996,3,6994534,5,9375000,1
34200.1176503,3,6994542,1,9369700,1
34200.117820274,3,6994878,1,9356200,1
34200.117820274,1,6995222,1,9369100,1
34200.118625594,3,6995222,1,9369100,1
34200.118625594,1,6995578,1,9369000,1
34200.119426984,3,6995578,1,9369000,1
34200.119426984,1,6995878,1,9356200,1
34200.1202249,3,6995878,1,9356200,1
34200.1202249,1,6996138,1,9361100,1
34200.121821329,3,6996138,1,9361100,1
34200.121821329,1,6996546,1,9356200,1
34200.12252056,1,6996650,3,9375600,1
34200.122843047,3,6995150,1,9390300,-1
34200.122843047,1,6996746,1,9390400,-1
34200.12367451,3,6996650,3,9375600,1
34200.124150543,3,6996546,1,9356200,1
34200.124150543,1,6997170,1,9369700,1
34200.125110162,3,6997170,1,9369700,1
34200.125110162,1,6997334,1,9369600,1
34200.125947648,3,6997334,1,9369600,1
34200.125947648,1,6997578,1,9361100,1
34200.127521019,3,6997578,1,9361100,1
34200.127521019,1,6997902,1,9356300,1
34200.134781856,1,7000146,3,9375700,1
34200.134981762,3,6996746,1,9390400,-1
34200.134981762,1,7000194,1,9390500,-1
34200.135758677,3,7000146,3,9375700,1
34200.136399397,3,6997902,1,9356300,1
34200.136399397,1,7000706,1,9369800,1
34200.137287979,3,7000706,1,9369800,1
34200.137287979,1,7000946,1,9369700,1
34200.138074324,3,7000946,1,9369700,1
34200.138074324,1,7001138,1,9356400,1
34200.13885953,3,7001138,1,9356400,1
34200.13885953,1,7001382,1,9361100,1
34200.139229947,4,7000194,1,9390500,-1
34200.139281163,1,7001486,1,9365800,1
34200.139284409,1,7001498,5,9371100,1
34200.139284757,1,7001502,73,9361100,1
34200.139389913,3,7001502,73,9361100,1
34200.140465897,1,7001782,30,9404200,-1
34200.140591656,3,7001382,1,9361100,1
34200.140941251,1,7001950,1,9390500,-1
34200.141009107,3,7001498,5,9371100,1
34200.141010051,3,7001486,1,9365800,1
34200.141453846,3,7001858,1,9356400,1
34200.141453846,1,7002094,1,9365200,1
34200.142246881,3,7002094,1,9365200,1
34200.142246881,1,7002258,1,9361100,1
34200.143052361,3,7002258,1,9361100,1
34200.143052361,1,7002494,1,9356400,1
34200.157628185,4,7001950,1,9390500,-1
34200.157628185,5,0,2,9394500,1
34200.157671635,1,7006570,73,9361100,1
34200.157679057,1,7006574,5,9375000,1
34200.157681168,1,7006578,1,9369700,1
34200.157765419,3,7006570,73,9361100,1
34200.159270691,1,7006838,1,9390600,-1
34200.15930495,3,7006574,5,9375000,1
34200.159305181,3,7006578,1,9369700,1
34200.159313203,3,7002494,1,9356400,1
34200.159313203,1,7006866,1,9369100,1
34200.160101333,3,7006866,1,9369100,1
34200.160101333,1,7007050,1,9369000,1
34200.160899333,3,7007050,1,9369000,1
34200.160899333,1,7007290,1,9356600,1
34200.1617005,3,7007290,1,9356600,1
34200.1617005,1,7007478,1,9361100,1
34200.162492936,3,7007478,1,9361100,1
34200.162492936,1,7007614,1,9356600,1
34200.175054737,1,7010718,100,9387300,-1
34200.175526873,3,6988350,46,9353700,1
34200.175725609,3,7007614,1,9356600,1
34200.175725609,1,7010954,1,9369500,1
34200.175749274,3,7006838,1,9390600,-1
34200.175749274,1,7010974,1,9381100,-1
34200.175780063,3,7010718,100,9387300,-1
34200.176263715,1,7011106,21,9361400,1
34200.176389897,1,7011118,63,9390400,-1
34200.182149874,1,7012462,100,9361000,1
34200.188529448,1,7013958,100,9387400,-1
34200.192712162,1,7014866,100,9387400,-1
34200.196433703,1,7015942,200,9398400,-1
34200.230813478,3,7011118,63,9390400,-1
34200.231032791,3,7010974,1,9381100,-1
34200.231032791,1,7025990,1,9387300,-1
34200.231626209,1,7026210,29,9389700,-1
34200.232616323,3,7025990,1,9387300,-1
34200.232616323,1,7026486,1,9390600,-1
34200.236779933,3,7015942,200,9398400,-1
34200.23706115,3,7011106,21,9361400,1
34200.237234184,3,7010954,1,9369500,1
34200.237234184,1,7027510,1,9375100,1
34200.239044379,5,0,100,9387300,1
34200.239044379,4,7013958,100,9387400,-1
34200.239099516,1,7027894,5,9381000,1
34200.239100488,1,7027898,1,9378300,1
34200.240271564,1,7028170,73,9372400,1
34200.248133514,1,7030458,200,9362600,1
34200.250103974,3,7014866,100,9387400,-1
34200.256366226,1,7033558,100,9372400,1
34200.297548933,3,6910230,100,9399500,-1
34200.301108873,1,7041130,100,9391200,-1
34200.333709416,3,6910302,100,9402000,-1
34200.341830358,1,7054746,25,9399400,-1
34200.343807382,1,7055114,100,9393700,-1
34200.360889744,1,7061642,100,9387400,-1
34200.360927287,3,7027894,5,9381000,1
34200.360928203,3,7027898,1,9378300,1
34200.414138068,1,7078330,20,9368800,1
34200.450259966,1,7088518,100,9362500,1
34200.453351799,1,7089702,100,9364200,1
34200.482835691,3,7089702,100,9364200,1
34200.512647015,1,7108246,30,9387400,-1
34200.552644562,4,7027510,1,9375100,1
34200.552644562,4,7028170,73,9372400,1
34200.552644562,4,7033558,100,9372400,1
34200.552644562,4,7078330,20,9368800,1
34200.552644562,4,7030458,24,9362600,1
34200.552644562,6,-1,33693,9362600,-1
34200.552644562,1,5568930,200,9362500,1
34200.552644562,1,3505406,17,9370000,-1
34200.552644562,1,3688598,3,9361300,1
34200.552644562,1,3915054,9,9370000,-1
34200.552644562,1,5603654,2,9361000,1
34200.552644562,1,4019526,25,9370000,-1
34200.552644562,1,68494,10,9360000,1
34200.552644562,1,4582550,25,9370000,-1
34200.552644562,1,2932046,2,9360000,1
34200.552644562,1,4838050,10,9370000,-1
34200.552644562,1,2932054,4,9360000,1
34200.552644562,1,4995230,30,9370000,-1
34200.552644562,1,3499014,1,9360000,1
34200.552644562,1,5083226,5,9370000,-1
34200.552644562,1,3736242,5,9360000,1
34200.552644562,1,5754090,1,9370000,-1
34200.552644562,1,4975398,50,9360000,1
34200.552644562,1,4838054,3,9370100,-1
34200.552644562,1,6122362,90,9360000,1
34200.552644562,1,5713142,43,9375000,-1
34200.552644562,1,6181414,8,9360000,1
34200.552644562,1,6367530,300,9378800,-1
34200.552644562,1,6217254,5,9360000,1
34200.552644562,1,6367534,287,9378800,-1
34200.552644562,1,3157066,5,9380000,-1
34200.552644562,1,3370030,1,9380000,-1
34200.552644562,1,3505466,3,9380000,-1
34200.552644562,1,4838058,35,9380000,-1
34200.552644562,1,5524026,4,9380000,-1
34200.552644562,1,5864654,6,9380000,-1
34200.552772962,4,3505406,17,9370000,-1
34200.552772962,4,3915054,9,9370000,-1
34200.552772962,4,4019526,25,9370000,-1
34200.552772962,4,4582550,9,9370000,-1
34200.552841078,1,7122374,1,9363900,1
34200.552842044,1,7122378,5,9366100,1
34200.553379215,4,4582550,16,9370000,-1
34200.553379215,4,4838050,10,9370000,-1
34200.553379215,4,4995230,30,9370000,-1
34200.553379215,4,5083226,3,9370000,-1
34200.553384145,4,5083226,2,9370000,-1
34200.553384145,4,5754090,1,9370000,-1
34200.553397678,1,7122582,3,9382300,-1
34200.553718363,4,4838054,1,9370100,-1
34200.553872223,4,4838054,2,9370100,-1
34200.553872223,1,7122786,33,9372100,1
34200.553915643,4,7122786,33,9372100,1
34200.553916323,1,7122794,73,9362700,1
34200.553951438,3,7122378,5,9366100,1
34200.5539531,3,7122374,1,9363900,1
34200.553992841,1,7122826,100,9362200,1
34200.554060609,3,7122794,73,9362700,1
34200.554282279,1,7122886,1,9374900,1
34200.554305617,4,5713142,2,9375000,-1
34200.554312651,3,7122826,100,9362200,1
34200.554333824,4,5713142,1,9375000,-1
34200.554362089,4,5713142,40,9375000,-1
34200.554368497,3,7122582,3,9382300,-1
34200.554556334,1,7123010,1,9378600,-1
34200.554581408,3,7123010,1,9378600,-1
34200.554636762,4,7122886,1,9374900,1
34200.554678436,1,7123130,13,9376900,-1
34200.555521096,1,7123590,1,9383900,-1
34200.555925322,1,7123758,1,9365400,1
34200.555972275,3,7123130,13,9376900,-1
34200.556293422,1,7123874,1,9368700,1
34200.556685121,1,7124030,31,9366300,1
34200.556711329,3,7123758,1,9365400,1
34200.556711329,1,7124062,1,9367700,1
34200.557347551,3,7124030,31,9366300,1
34200.557501704,3,7124062,1,9367700,1
34200.557501704,1,7124566,1,9370700,1
34200.557554622,3,7123590,1,9383900,-1
34200.557554622,1,7124618,1,9384900,-1
34200.558296231,3,7124566,1,9370700,1
34200.558296231,1,7124890,1,9372300,1
34200.559079799,3,7124890,1,9372300,1
34200.559079799,1,7125070,1,9373600,1
34200.560448087,1,7125466,26,9378700,-1
34200.560622583,3,7123874,1,9368700,1
34200.560622583,1,7125506,1,9373700,1
34200.56193583,4,7125506,1,9373700,1
34200.56193583,4,7125070,1,9373600,1
34200.56193583,1,7126030,3,9372400,-1
34200.561979769,1,7126054,7,9376200,-1
34200.562398589,5,0,5,9366500,1
34200.562720732,4,7126030,1,9372400,-1
34200.562805897,1,7126182,5,9367300,1
34200.562806173,1,7126186,1,9364800,1
34200.562860686,3,7126054,7,9376200,-1
34200.562949125,4,7126030,1,9372400,-1
34200.563621856,4,7126030,1,9372400,-1
34200.563662413,1,7126522,5,9369800,1
34200.563700124,3,7124618,1,9384900,-1
34200.564663091,1,7126782,1,9371500,1
34200.56547382,3,7126782,1,9371500,1
34200.56547382,1,7126950,1,9372900,1
34200.566068618,1,7127142,1,9383900,-1
34200.568286796,3,7125466,26,9378700,-1
34200.571803015,4,7126950,1,9372900,1
34200.57184308,3,7126182,5,9367300,1
34200.571844266,3,7126186,1,9364800,1
34200.571845168,3,7126522,5,9369800,1
34200.577521034,3,7108246,30,9387400,-1
34200.578491511,5,0,16,9377500,1
34200.578559548,1,7130330,5,9369200,1
34200.578561319,1,7130334,1,9366100,1
34200.579187229,1,7130422,25,9378700,-1
34200.579231084,3,7130334,1,9366100,1
34200.579232034,3,7130330,5,9369200,1
34200.579305118,3,7030458,176,9362600,1
34200.58160863,1,7130798,10,9361100,1
34200.585283863,1,7131570,26,9369900,-1
34200.588437612,1,7132230,40,9361600,1
34200.589446056,3,7130422,25,9378700,-1
34200.593208341,4,7131570,1,9369900,-1
34200.59324991,1,7133278,1,9368100,1
34200.593251993,1,7133282,1,9363800,1
34200.593252315,1,7133286,5,9366000,1
34200.593280852,4,7131570,1,9369900,-1
34200.593318553,4,7131570,24,9369900,-1
34200.593399378,1,7133310,5,9369000,1
34200.594072925,3,7133278,1,9368100,1
34200.594072925,1,7133470,1,9366100,1
34200.594858087,3,7133470,1,9366100,1
34200.595880496,3,7127142,1,9383900,-1
34200.595880496,1,7133938,1,9378700,-1
34200.595911551,3,7133310,5,9369000,1
34200.595913726,3,7133282,1,9363800,1
34200.595913959,3,7133286,5,9366000,1
34200.605402437,1,7135894,25,9378700,-1
34200.606165212,3,7133938,1,9378700,-1
34200.606165212,1,7136094,1,9378600,-1
34200.627256191,3,7132230,40,9361600,1
34200.632234908,1,7142582,40,9361500,1
34200.674285687,1,7152106,1,9367900,1
34200.674314935,3,7136094,1,9378600,-1
34200.674314935,1,7152110,1,9379500,-1
34200.686817915,3,7152110,1,9379500,-1
34200.686817915,1,7154766,1,9378600,-1
34200.70169262,3,7154766,1,9378600,-1
34200.70169262,1,7156386,1,9384700,-1
34200.717988605,4,7152106,1,9367900,1
34200.718033483,1,7158610,7,9373300,-1
34200.718041427,1,7158618,5,9376200,-1
34200.719588172,1,7158814,1,9367800,1
34200.71962136,3,7158610,7,9373300,-1
34200.719621603,3,7158618,5,9376200,-1
34200.719632689,3,7156386,1,9384700,-1
34200.719632689,1,7158822,1,9379200,-1
34200.720422999,3,7158822,1,9379200,-1
34200.720422999,1,7158910,1,9381500,-1
34200.720510468,4,7158814,1,9367800,1
34200.720548176,1,7158934,7,9373300,-1
34200.720551084,1,7158938,5,9376100,-1
34200.722136323,1,7159126,1,9367700,1
34200.722167797,3,7158934,7,9373300,-1
34200.722170207,3,7158938,5,9376100,-1
34200.722175198,3,7158998,1,9384700,-1
34200.722175198,1,7159138,1,9379200,-1
34200.722224022,4,7159126,1,9367700,1
34200.722261817,1,7159154,7,9373200,-1
34200.722262812,1,7159158,5,9376000,-1
34200.722968806,3,7159138,1,9379200,-1
34200.723813813,1,7159706,1,9367600,1
34200.723845329,3,7159154,7,9373200,-1
34200.723845585,3,7159158,5,9376000,-1
34200.724024023,4,7159706,1,9367600,1
34200.724060881,1,7159774,7,9373200,-1
34200.724066183,1,7159778,5,9375900,-1
34200.725611293,1,7160118,1,9367500,1
34200.725641998,3,7159774,7,9373200,-1
34200.725642251,3,7159778,5,9375900,-1
34200.725724169,4,7160118,1,9367500,1
34200.72575959,1,7160162,7,9373100,-1
34200.72576274,1,7160166,5,9375800,-1
34200.726555532,1,7160386,1,9379700,-1
34200.7273218,1,7160498,1,9362600,1
34200.727346566,3,7160386,1,9379700,-1
34200.727353349,3,7160162,7,9373100,-1
34200.727355782,3,7160166,5,9375800,-1
34200.728924951,3,7160510,1,9384600,-1
34200.728924951,1,7160674,1,9384700,-1
34200.737625135,5,0,1,9376900,1
34200.73765106,3,7160674,1,9384700,-1
34200.73765106,1,7161494,1,9384900,-1
34200.737667508,1,7161498,5,9368600,1
34200.737670404,1,7161502,1,9365500,1
34200.737673667,5,0,1,9376900,1
34200.737696928,3,7160498,1,9362600,1
34200.737696928,1,7161510,1,9373000,1
34200.738015114,4,7161510,1,9373000,1
34200.738046842,3,7161498,5,9368600,1
34200.738047066,3,7161502,1,9365500,1
34200.738051077,1,7161590,7,9375900,-1
34200.738331401,1,7161606,1,9379000,-1
34200.741822082,1,7161918,1,9379000,-1
34200.745372058,3,7135894,25,9378700,-1
34200.7543218,3,7142582,40,9361500,1
34200.768049224,3,7161590,7,9375900,-1
34200.768328359,3,7161606,1,9379000,-1
34200.768839609,3,7161918,1,9379000,-1
34200.768839609,1,7164862,1,9378700,-1
34200.798929579,1,7168682,25,9378100,-1
34200.799683533,3,7164862,1,9378700,-1
34200.799683533,1,7168730,1,9378000,-1
34200.808264102,1,7169494,40,9361000,1
34200.8129113,1,7170090,48,9363400,1
34200.837613696,3,7168730,1,9378000,-1
34200.837640833,5,0,1,9377500,1
34200.837665573,1,7173014,1,9363500,1
34200.837688467,5,0,1,9377500,1
34200.837693415,1,7173022,1,9367000,1
34200.837693706,1,7173026,5,9369900,1
34200.90849531,1,7183690,58,9379800,-1
34200.950865237,1,7187846,100,9362600,1
34200.980422971,3,7183690,58,9379800,-1
34201.010449743,1,7195338,50,9372400,-1
34201.010485518,3,7173022,1,9367000,1
34201.010486535,3,7173026,5,9369900,1
34201.012013092,1,7195622,1,9378400,-1
34201.012401419,3,7170090,48,9363400,1
34201.018597566,3,7168682,25,9378100,-1
34201.036669399,1,7199162,100,9362500,1
34201.037783939,1,7199294,1,9370600,1
34201.04952809,3,7173014,1,9363500,1
34201.04952809,1,7201994,1,9370700,1
34201.04958325,3,7195622,1,9378400,-1
34201.04961284,4,7195338,1,9372400,-1
34201.049658838,1,7202026,5,9371300,1
34201.05031123,3,7201994,1,9370700,1
34201.05031123,1,7202142,1,9366800,1
34201.051105774,3,7202142,1,9366800,1
34201.051105774,1,7202226,1,9366700,1
34201.051175216,1,7202278,1,9378400,-1
34201.05386448,3,7202226,1,9366700,1
34201.05386448,1,7202882,1,9364500,1
34201.079931238,1,7207266,20,9383400,-1
34201.096737884,4,7195338,49,9372400,-1
34201.096786951,1,7208866,5,9371800,1
34201.09830514,3,7202278,1,9378400,-1
34201.12678099,3,7208866,5,9371800,1
34201.126812311,3,7202026,5,9371300,1
34201.143163587,4,7199294,1,9370600,1
34201.143163587,4,7202882,1,9364500,1
34201.143163587,5,0,1,9363300,1
34201.143209001,1,7213926,13,9374700,-1
34201.143217113,1,7213930,1,9374700,-1
34201.14321838,1,7213934,5,9371600,-1
34201.143260756,4,7213934,5,9371600,-1
34201.143293672,3,7213930,1,9374700,-1
34201.143295616,3,7213926,13,9374700,-1
34201.144777784,1,7214102,1,9362700,1
34201.144818878,1,7214110,1,9380600,-1
34201.145597948,3,7214110,1,9380600,-1
34201.145597948,1,7214226,1,9387400,-1
34201.181108103,1,7218754,25,9378700,-1
34201.190822337,1,7219982,696,9364700,1
34201.191597844,3,7214102,1,9362700,1
34201.191597844,1,7220034,1,9364800,1
34201.196688915,1,7220686,40,9362600,1
34201.275913535,3,7207266,20,9383400,-1
34201.345502133,1,7237542,100,9386300,-1
34201.452762433,1,7249706,100,9368100,1
34201.455753497,3,7220686,40,9362600,1
34201.460657559,1,7250690,100,9369800,1
34201.489221817,5,0,100,9370400,1
34201.489221817,4,7250690,100,9369800,1
34201.489265807,1,7253666,7,9374300,-1
34201.489270492,1,7253670,1,9377900,-1
34201.489271726,1,7253674,5,9375300,-1
34201.50058164,4,7249706,38,9368100,1
34201.505815754,4,7249706,62,9368100,1
34201.505815754,1,7256946,36,9368100,-1
34201.505854416,4,7256946,36,9368100,-1
34201.505859672,3,7253670,1,9377900,-1
34201.505859902,3,7253674,5,9375300,-1
34201.505887484,3,7253666,7,9374300,-1
34201.507384845,3,7253858,1,9380300,-1
34201.507384845,1,7257194,1,9378600,-1
34201.507556957,3,7218754,25,9378700,-1
34201.50828907,3,7257194,1,9378600,-1
34201.50828907,1,7257246,1,9387300,-1
34201.509200673,4,7220034,1,9364800,1
34201.509200673,5,0,24,9364800,1
34201.509240374,1,7257366,13,9371800,-1
34201.509246446,1,7257370,5,9372100,-1
34201.509248286,1,7257374,1,9375000,-1
34201.510804159,1,7257766,1,9364300,1
34201.510844121,1,7257782,1,9377700,-1
34201.511636009,3,7257782,1,9377700,-1
34201.511636009,1,7257874,1,9377800,-1
34201.528881057,5,0,76,9364800,1
34201.528881057,4,7219982,24,9364700,1
34201.538803501,4,7257366,13,9371800,-1
34201.538803501,1,7262658,87,9371900,1
34201.538838758,4,7262658,2,9371900,1
34201.538839311,3,7257374,1,9375000,-1
34201.538840531,3,7257370,5,9372100,-1
34201.538851945,1,7262686,13,9371900,1
34201.539136877,4,7262658,85,9371900,1
34201.539157166,1,7262774,8,9364000,1
34201.539178098,1,7262794,1,9377100,-1
34201.539179029,1,7262798,5,9375100,-1
34201.539539038,4,7262798,2,9375100,-1
34201.539576115,3,7262798,3,9375100,-1
34201.539577561,3,7262794,1,9377100,-1
34201.540396994,3,7257874,1,9377800,-1
34201.540396994,1,7263070,1,9378700,-1
34201.541189358,3,7263070,1,9378700,-1
34201.541189358,1,7263294,1,9387200,-1
34201.542960514,4,7262686,13,9371900,1
34201.548166548,3,7257766,1,9364300,1
34201.548166548,1,7265326,1,9364800,1
34201.551340419,3,7265326,1,9364800,1
34201.551340419,1,7266150,1,9364300,1
34201.569153995,3,7262774,8,9364000,1
34201.585282698,3,7266150,1,9364300,1
34201.585282698,1,7273846,1,9363100,1
34201.585313426,3,7263294,1,9387200,-1
34201.585313426,1,7273850,1,9378800,-1
34201.585826522,1,7273978,40,9362300,1
34201.585917151,5,0,80,9377500,1
34201.585917151,4,6367530,18,9378800,-1
34201.585961784,1,7274014,1,9368600,1
34201.585962743,1,7274018,5,9371500,1
34201.586099439,3,7273850,1,9378800,-1
34201.586099439,1,7274046,1,9387200,-1
34201.587197419,1,7274282,38,9363400,1
34201.594690829,3,7274046,1,9387200,-1
34201.594690829,1,7275826,1,9387300,-1
34201.611415573,1,7278530,1,9377100,-1
34201.611447111,3,7274018,5,9371500,1
34201.611447382,3,7274014,1,9368600,1
34201.812854357,1,7314830,100,9379300,-1
34201.919829623,1,7334518,100,9362500,1
34202.099871932,5,0,3,9366600,1
34202.108061771,5,0,13,9376500,1
34202.108103521,1,7371830,1,9367400,1
34202.108105016,1,7371838,5,9370100,1
34202.318881691,4,7371838,3,9370100,1
34202.31892286,3,7371830,1,9367400,1
34202.318926022,3,7371838,2,9370100,1
34202.319281756,5,0,1,9366600,1
34202.319694705,3,7273846,1,9363100,1
34202.319694705,1,7408894,1,9364800,1
34202.416611071,1,7426446,1,9377000,-1
34202.419477546,3,7426446,1,9377000,-1
34202.424055663,1,7428014,1,9378100,-1
34202.448430328,1,7432866,51,9379800,-1
34202.456774154,1,7434338,1,9378800,-1
34202.504383783,5,0,19,9371750,1
34202.504383783,5,0,99,9366600,1
34202.504383783,5,0,32,9366000,1
34202.515809769,4,7408894,1,9364800,1
34202.515854079,1,7445506,5,9371000,-1
34202.515855021,1,7445510,5,9371200,-1
34202.515856421,1,7445514,1,9373900,-1
34202.5158887,4,7445506,5,9371000,-1
34202.515911453,4,7445510,5,9371200,-1
34202.515920602,3,7445514,1,9373900,-1
34202.515933804,1,7445550,5,9364800,1
34202.517416298,1,7446078,1,9364800,1
34202.56125003,5,0,1,9365100,1
34202.636248274,3,7274282,38,9363400,1
34202.636377155,3,7446078,1,9364800,1
34202.636377155,1,7466414,1,9364900,1
34202.636409563,3,7445550,5,9364800,1
34202.636417376,1,7466422,5,9364900,1
34202.636757509,1,7466462,75,9377100,-1
34202.637174443,3,7466414,1,9364900,1
34202.637174443,1,7466590,1,9365000,1
34202.637204959,3,7466422,5,9364900,1
34202.637209486,1,7466614,5,9365000,1
34202.638012272,3,7466590,1,9365000,1
34202.638012272,1,7466790,1,9365100,1
34202.638043946,3,7466614,5,9365000,1
34202.638045852,1,7466802,5,9365100,1
34202.638816199,3,7466790,1,9365100,1
34202.638816199,1,7466910,1,9365200,1
34202.638846985,3,7466802,5,9365100,1
34202.638850174,1,7466918,5,9365200,1
34202.639623316,3,7466910,1,9365200,1
34202.639623316,1,7467022,1,9365300,1
34202.639654355,3,7466918,5,9365200,1
34202.639657928,1,7467026,5,9365300,1
34202.640416291,3,7467022,1,9365300,1
34202.640416291,1,7467090,1,9365400,1
34202.640445862,3,7467026,5,9365300,1
34202.640450016,1,7467098,5,9365400,1
34202.641229169,3,7467090,1,9365400,1
34202.641229169,1,7467226,1,9365500,1
34202.641258478,3,7467098,5,9365400,1
34202.641263464,1,7467230,5,9365500,1
34202.642020633,3,7467226,1,9365500,1
34202.642020633,1,7467270,1,9365600,1
34202.642040775,3,7428014,1,9378100,-1
34202.642051736,3,7467230,5,9365500,1
34202.642057233,1,7467278,5,9365600,1
34202.64278966,3,7467270,1,9365600,1
34202.759877464,4,7467278,5,9365600,1
34202.759877464,5,0,99,9365100,1
34202.759877464,5,0,52,9365100,1
34202.759877464,4,7219982,444,9364700,1
34202.759930804,1,7483874,1,9373800,-1
34202.759932024,1,7483878,5,9371100,-1
34202.760521802,1,7484066,1,9373200,-1
34202.760978421,3,7466462,75,9377100,-1
34202.76207467,1,7484370,35,9363200,1
34202.762623837,3,7484066,1,9373200,-1
34202.76266193,1,7484486,75,9371100,-1
34202.89332914,3,7484370,35,9363200,1
34202.894043178,1,7502586,57,9365000,1
34202.894075262,3,7483874,1,9373800,-1
34202.894076158,3,7483878,5,9371100,-1
34202.997245949,5,0,1,9370900,1
34202.997293364,1,7515522,1,9365500,1
34203.11409341,4,7515522,1,9365500,1
34203.11409341,4,7502586,49,9365000,1
34203.114138422,1,7530314,12,9368300,-1
34203.114140085,1,7530318,5,9368300,-1
34203.114149394,1,7530322,1,9370900,-1
34203.11417293,4,7530314,12,9368300,-1
34203.11419499,4,7530318,5,9368300,-1
34203.114223146,1,7530374,12,9365500,1
34203.114963814,3,7484486,75,9371100,-1
34203.157401057,4,7530374,3,9365500,1
34203.157444482,1,7535402,1,9370400,-1
34203.157446909,1,7535406,5,9368400,-1
34203.157485067,4,7535406,5,9368400,-1
34203.157517496,3,7535402,1,9370400,-1
34203.258703593,3,7432866,51,9379800,-1
34203.258729208,4,7530322,1,9370900,-1
34203.25938537,3,7540186,20,9383400,-1
34203.277778535,5,0,95,9365600,1
34203.278037976,5,0,5,9365600,1
34203.278037976,4,7530374,9,9365500,1
34203.278037976,5,0,11,9365400,1
34203.278081757,1,7549306,1,9374400,-1
34203.278933991,1,7549382,75,9374400,-1
34203.389365071,1,7562826,100,9366900,1
34203.389399128,3,7549306,1,9374400,-1
34203.390030796,3,7562826,100,9366900,1
34203.477706876,1,7571498,100,9378700,-1
34204.088036747,5,0,100,9366800,1
34204.134879777,3,7334518,100,9362500,1
34204.199433227,5,0,2,9370900,1
34204.199477814,1,7615138,5,9366000,1
34205.142774786,1,7660438,100,9378800,-1
34205.144361506,1,7660630,6,9364700,1
34205.147884016,3,7502586,8,9365000,1
34205.151789456,1,7661134,15,9364700,1
34205.789344516,1,7701666,30,9362000,1
34206.190900762,1,7722490,100,9362100,1
34206.589337986,3,7722490,100,9362100,1
34206.812136315,3,7661134,15,9364700,1
34206.875554941,1,7747166,15,9366100,1
34208.185342658,5,0,3,9370900,1
34208.187591952,3,7660438,100,9378800,-1
34208.188896732,1,7793038,100,9374300,-1
34208.188932053,3,7615138,5,9366000,1
34208.189372046,3,7549382,75,9374400,-1
34208.190076963,1,7793090,75,9374300,-1
34208.235127431,3,7571498,100,9378700,-1
34208.235873209,3,7793090,75,9374300,-1
34209.314980256,1,7831518,75,9374200,-1
34209.816859585,1,7860226,1,9364500,1
34210.040122271,1,7872094,9,9370200,-1
34210.040159635,5,0,9,9369400,1
34210.040747358,3,7831518,75,9374200,-1
34210.04076575,4,7747166,15,9366100,1
34210.040808816,1,7872202,5,9368200,-1
34210.040840667,5,0,5,9368100,1
34210.041224054,1,7872306,10,9366100,1
34210.04125793,5,0,5,9367900,1
34210.041258427,3,7872202,5,9368200,-1
34210.041541555,3,7872094,9,9370200,-1
34210.041726038,1,7872410,1,9376200,-1
34210.042420387,1,7872446,75,9374200,-1
34210.043100515,3,7872410,1,9376200,-1
34210.179613213,5,0,100,9370100,1
34210.931551236,3,7660630,6,9364700,1
34210.932842839,1,7906058,6,9366200,1
34210.932878085,3,7872306,10,9366100,1
34210.932882415,1,7906066,10,9366200,1
34211.086946108,1,7909982,100,9375200,-1
34211.334532853,3,7434338,1,9378800,-1
34211.341325816,3,7860226,1,9364500,1
34211.341325816,1,7916090,1,9363300,1
34211.341376645,1,7916098,1,9374200,-1
34211.341849716,1,7916142,59,9364300,1
34211.342166972,3,7916098,1,9374200,-1
34211.342166972,1,7916178,1,9375600,-1
34211.343405657,3,7916142,59,9364300,1
34211.343587891,3,7916090,1,9363300,1
34211.343587891,1,7916310,1,9362200,1
34211.344305703,3,7916178,1,9375600,-1
34211.344305703,1,7916390,1,9374100,-1
34211.344373519,3,7916310,1,9362200,1
34211.344373519,1,7916418,1,9361400,1
34211.34488108,3,7872446,75,9374200,-1
34211.345165753,3,7916418,1,9361400,1
34211.345426601,1,7916662,1,9368100,-1
34211.345435145,4,7906058,6,9366200,1
34211.345435145,4,7906066,10,9366200,1
34211.345554263,1,7916718,75,9374100,-1
34211.345858068,3,7916390,1,9374100,-1
34211.345858068,1,7916770,1,9368700,-1
34211.34592629,4,7219982,3,9364700,1
34211.346132636,3,7916718,75,9374100,-1
34211.346286295,3,7916662,1,9368100,-1
34211.346357753,1,7916802,20,9378700,-1
34211.346490454,1,7916834,21,9375100,-1
34211.346641491,3,7916770,1,9368700,-1
34211.346641491,1,7916866,1,9372600,-1
34211.346991803,1,7916894,100,9376000,-1
34211.347579231,3,7916894,100,9376000,-1
34211.354642743,3,7793038,100,9374300,-1
34211.355816523,1,7917258,100,9369900,-1
34211.361650366,1,7917422,1,9374200,-1
34211.37551851,3,7916834,21,9375100,-1
34211.375648504,3,7916866,1,9372600,-1
34211.375648504,1,7917730,1,9374800,-1
34211.380010344,1,7917854,100,9370400,-1
34211.38951673,1,7918022,100,9369800,-1
34211.458704224,5,0,100,9365400,1
34212.119832114,1,7936914,100,9370800,-1
34212.37064344,5,0,26,9368700,1
34212.37064344,5,0,74,9369700,1
34212.370698152,1,7944026,1,9364900,1
34212.428233069,5,0,20,9369700,1
34212.428233069,4,7918022,80,9369800,-1
34212.428243412,4,7918022,20,9369800,-1
34212.428243412,4,7917258,80,9369900,-1
34212.428250653,4,7917258,20,9369900,-1
34212.428268829,4,7917854,100,9370400,-1
34212.428284828,1,7946066,5,9367100,1
34212.428289212,1,7946082,5,9367300,1
34212.428320607,4,7936914,30,9370800,-1
34212.428357939,4,7936914,70,9370800,-1
34212.429290411,3,7917730,1,9374800,-1
34212.429290411,1,7946494,1,9378600,-1
34212.430123233,3,7946494,1,9378600,-1
34212.43039539,1,7946630,75,9374200,-1
34212.458288121,3,7946082,5,9367300,1
34212.45832074,3,7944026,1,9364900,1
34212.458322908,3,7946066,5,9367100,1
34212.554487871,1,7951582,30,9370800,-1
34212.554523289,4,7951582,30,9370800,-1
34212.554563248,1,7951602,15,9367700,1
34212.554565643,1,7951606,5,9365800,1
34212.554967527,3,7946630,75,9374200,-1
34212.584561955,3,7951602,15,9367700,1
34212.584593693,3,7951606,5,9365800,1
34213.002860665,1,7963422,1,9364800,1
34213.003563561,1,7963450,75,9374200,-1
34213.032844456,3,7963422,1,9364800,1
34213.032844456,1,7964762,1,9363100,1
34213.047471979,5,0,77,9374100,1
34213.047519944,1,7965250,1,9366700,1
34214.058503946,3,7187846,100,9362600,1
34216.552812453,1,8036318,10,9364800,1
34219.148163441,1,8087198,100,9363000,1
34220.049923979,3,7963450,75,9374200,-1
34220.050624638,1,8104322,75,9374100,-1
34220.050656753,3,7965250,1,9366700,1
34220.050716505,5,0,10,9367600,1
34220.119917063,3,8087198,100,9363000,1
34220.76007617,1,8117554,1,9364800,1
34221.361667177,1,8127026,1,9364800,1
34221.605759462,1,8132254,1,9374000,-1
34221.605983703,3,7964762,1,9363100,1
34221.608345087,3,8104322,75,9374100,-1
34221.609045652,1,8132810,75,9373600,-1
34221.609804071,3,8132254,1,9374000,-1
34221.609804071,1,8132918,1,9373500,-1
34221.611515889,3,8132810,75,9373600,-1
34221.614309393,3,8132382,49,9378800,-1
34221.614465992,3,8132918,1,9373500,-1
34221.614465992,1,8133410,1,9376100,-1
34222.126600835,3,7909982,100,9375200,-1
34223.135514191,1,8163222,100,9364300,1
34223.248137582,1,8166370,90,9365000,1
34223.248723047,1,8166434,75,9373500,-1
34223.250658642,3,8127026,1,9364800,1
34223.250715128,1,8166486,1,9365000,1
34223.252101944,3,8117554,1,9364800,1
34223.252155017,1,8166498,1,9365000,1
34223.783412022,1,8174290,36,9378600,-1
34224.763587981,3,8174290,36,9378600,-1
34224.914600326,3,7917422,1,9374200,-1
34224.939505295,1,8191738,1,9373500,-1
34228.955440764,3,8166486,1,9365000,1
34228.955493569,1,8269990,1,9365100,1
34228.960911278,3,8166498,1,9365000,1
34228.960963644,1,8270078,1,9365100,1
34229.915747976,1,8295910,100,9377200,-1
34230.149776616,3,8163222,100,9364300,1
34230.149859373,1,8303166,100,9364600,1
34230.152310534,3,8270078,1,9365100,1
34230.152364649,1,8303238,1,9365200,1
34230.15254699,3,8269990,1,9365100,1
34230.15260435,1,8303250,1,9365200,1
34230.971796726,3,8133410,1,9376100,-1
34230.971796726,1,8318690,1,9373400,-1
34230.972133743,3,8166434,75,9373500,-1
34230.972798619,1,8318734,75,9371000,-1
34230.973122043,3,8295910,100,9377200,-1
34230.973194342,1,8318770,100,9377100,-1
34230.979566182,3,8318770,100,9377100,-1
34230.993405524,3,8303238,1,9365200,1
34230.993457572,1,8319614,1,9365300,1
34230.99345941,3,8303250,1,9365200,1
34230.993516904,1,8319618,1,9365300,1
34231.001824438,3,8318690,1,9373400,-1
34231.001824438,1,8320054,1,9373800,-1
34232.225006403,3,8191738,1,9373500,-1
34232.243027976,1,8349370,1,9373300,-1
34233.046752894,3,8319614,1,9365300,1
34233.235207962,3,8319618,1,9365300,1
34233.258535985,1,8367202,100,9373100,-1
34233.634444367,5,0,35,9369900,1
34234.504482414,5,0,52,9366500,1
34234.674821858,1,8394038,100,9364600,1
34234.857746822,3,8349370,1,9373300,-1
34234.866383987,1,8398122,1,9373100,-1
34235.159239749,1,8401854,100,9374100,-1
34235.657767508,3,8367202,100,9373100,-1
34235.657842415,1,8409890,100,9372100,-1
34237.079718117,1,8431118,10,9372100,-1
34237.372754313,5,0,65,9369900,1
34237.372754313,4,8318734,10,9371000,-1
34237.372782053,4,8318734,65,9371000,-1
34237.372805838,1,8434050,1,9365700,1
34237.372813268,1,8434058,5,9367800,1
34237.372829672,1,8434082,14,9368000,1
34237.376863372,3,8036318,10,9364800,1
34237.377245179,1,8434202,10,9365000,1
34237.379586964,5,0,5,9371500,1
34237.379653382,5,0,7,9371500,1
34237.379653382,4,8409890,100,9372100,-1
34237.379653382,4,8431118,3,9372100,-1
34237.379718825,4,8431118,7,9372100,-1
34237.402826305,3,8434082,14,9368000,1
34237.402857369,3,8434058,5,9367800,1
34237.402857598,3,8434050,1,9365700,1
34237.868060435,3,8320054,1,9373800,-1
34237.868060435,1,8439722,1,9373000,-1
34237.868833911,3,8439722,1,9373000,-1
34237.868833911,1,8439746,1,9373800,-1
34237.877972294,1,8439878,100,9376700,-1
34237.878573348,3,8439878,100,9376700,-1
34239.160022022,3,8401854,100,9374100,-1
34242.464506042,1,8510426,20,9379800,-1
34242.610348392,1,8512158,1,9370000,1
34242.614142256,1,8512206,1,9366200,1
34243.026423882,3,8512206,1,9366200,1
34243.026476628,1,8516906,1,9366400,1
34243.027447869,1,8516958,25,9379800,-1
34243.081197049,4,8512158,1,9370000,1
34243.081245519,1,8518554,5,9371600,-1
34243.084936858,3,8516906,1,9366400,1
34243.084991474,1,8518782,1,9366500,1
34243.085021541,3,8518554,5,9371600,-1
34243.884101769,3,8454494,25,9379800,-1
34243.888231448,1,8536374,25,9379700,-1
34244.61659453,3,8536374,25,9379700,-1
34244.617248759,1,8546946,100,9376900,-1
34245.570147076,3,8439746,1,9373800,-1
34245.570147076,1,8568194,1,9373900,-1
34245.578869818,3,8546946,100,9376900,-1
34245.578942071,1,8568462,100,9376800,-1
34245.699768039,3,8394038,100,9364600,1
34245.699843836,1,8570306,100,9365000,1
34245.863018279,3,8568194,1,9373900,-1
34245.863018279,1,8573138,1,9373000,-1
34245.893025742,3,8573138,1,9373000,-1
34245.893025742,1,8573690,1,9373400,-1
34246.101213999,3,8518782,1,9366500,1
34246.101271414,1,8577922,1,9366600,1
34246.198135145,3,8303166,100,9364600,1
34246.233546597,3,8573690,1,9373400,-1
34246.233546597,1,8580314,1,9373900,-1
34248.450271925,3,8398122,1,9373100,-1
34248.462233649,1,8614858,1,9374600,-1
34250.285186979,1,8644294,9,9366100,1
34250.409972146,1,8645774,2,9365000,1
34250.711765653,3,8570306,100,9365000,1
34251.772495809,3,8577922,1,9366600,1
34251.772548168,1,8670894,1,9366700,1
34252.173359458,1,8675838,30,9371200,-1
34252.17835167,3,8568462,100,9376800,-1
34252.641532556,5,0,1,9366800,1
34252.641692518,1,8681998,15,9370800,-1
34252.671683176,3,8681998,15,9370800,-1
34254.444458607,1,8724686,1,9370400,-1
34254.445256343,5,0,19,9366800,1
34254.445256343,4,8670894,1,9366700,1
34254.445301194,1,8724770,5,9368600,-1
34254.445338116,4,8724770,5,9368600,-1
34254.445378319,1,8724786,5,9366200,1
34254.445385573,1,8724790,5,9366700,1
34254.445885973,4,8724790,5,9366700,1
34254.445885973,4,8724786,5,9366200,1
34254.445885973,4,8644294,9,9366100,1
34254.455336063,1,8725226,5,9368300,-1
34254.455375807,4,8725226,5,9368300,-1
34254.455413278,1,8725254,13,9366600,1
34254.455418432,1,8725262,5,9365400,1
34254.456345012,4,8724686,1,9370400,-1
34254.456688378,1,8725338,5,9368500,1
34254.48541079,3,8725254,13,9366600,1
34254.486464365,3,8725422,74,9363200,1
34254.486685837,3,8725338,5,9368500,1
34254.486716502,3,8725262,5,9365400,1
34254.487142358,1,8725990,32,9362400,1
34254.530759776,3,8725990,32,9362400,1
34254.561225216,1,8727254,44,9362300,1
34254.570832524,1,8727398,6,9365100,1
34255.133812697,3,8727254,44,9362300,1
34255.133833658,4,8675838,30,9371200,-1
34255.13387841,1,8737226,5,9368100,1
34255.133885338,1,8737242,5,9366600,1
34255.134168267,5,0,30,9373700,1
34255.13421411,1,8737418,1,9368700,1
34255.13438043,1,8737502,1,9365200,1
34255.134399379,3,8580314,1,9373900,-1
34255.134399379,1,8737506,1,9377200,-1
34255.135411271,3,8737506,1,9377200,-1
34255.135411271,1,8737750,1,9379900,-1
34255.136192553,3,8737750,1,9379900,-1
34255.144778366,3,8644674,25,9379400,-1
34255.145006928,3,8726042,25,9379400,-1
34255.163874678,3,8737226,5,9368100,1
34255.165343267,3,8737502,1,9365200,1
34255.470393873,1,8743482,100,9374800,-1
34256.222625381,3,8727398,6,9365100,1
34256.56145928,3,8614858,1,9374600,-1
34256.570561044,1,8758450,1,9374800,-1
34256.729146227,1,8760958,100,9367500,1
34259.695519744,3,8434202,10,9365000,1
34259.695951058,1,8818046,10,9367600,1
34260.254603232,4,8737418,1,9368700,1
34260.254603232,5,0,99,9368600,1
34260.254641279,3,8737242,5,9366600,1
34260.254648816,1,8842890,13,9371800,-1
34260.254669605,1,8842914,1,9373700,-1
34260.284646266,3,8842890,13,9371800,-1
34260.79968039,5,0,1,9369000,1
34260.800026303,5,0,1,9373000,1
34260.800909692,1,8859502,80,9379400,-1
34260.823057968,3,8743482,100,9374800,-1
34261.068509199,1,8866158,25,9368200,1
34261.068722871,3,8859502,80,9379400,-1
34261.069528803,1,8866422,20,9378000,-1
34261.07074139,3,8866422,20,9378000,-1
34261.073849826,1,8866754,100,9375300,-1
34261.074428432,3,8866754,100,9375300,-1
34261.074568737,4,8842914,1,9373700,-1
34261.074610082,1,8866798,7,9370900,1
34261.074612686,1,8866802,1,9369100,1
34261.098500975,3,8866158,25,9368200,1
34261.10121881,1,8867894,26,9365500,1
34261.104606565,3,8866798,7,9370900,1
34261.104637204,3,8866802,1,9369100,1
34261.14334596,1,8869142,100,9374800,-1
34261.747127565,1,8885918,32,9379700,-1
34262.329135118,5,0,100,9368800,1
34262.649145827,5,0,97,9367700,1
34262.649178408,5,0,3,9367700,1
34262.649178408,4,8818046,10,9367600,1
34262.649178408,5,0,87,9367600,1
34262.649194345,1,8905934,25,9378800,-1
34262.649227177,1,8905962,13,9371200,-1
34262.649500523,5,0,13,9367600,1
34262.649500523,4,8760958,87,9367500,1
34262.649540795,4,8760958,13,9367500,1
34262.650069597,3,8905934,25,9378800,-1
34262.650326858,1,8906430,1,9373900,-1
34262.65039799,3,8867894,26,9365500,1
34262.650971993,3,8868082,30,9362100,1
34262.654999535,1,8906706,57,9376500,-1
34262.658806193,1,8906806,100,9362000,1
34262.662188282,3,8906706,57,9376500,-1
34262.662360876,5,0,100,9365100,1
34262.662360876,4,8166370,90,9365000,1
34262.662360876,4,8645774,2,9365000,1
34262.662360876,1,8907026,8,9365000,-1
34262.662389745,4,7219982,100,9364700,1
34262.662401495,4,8907026,8,9365000,-1
34262.662436716,3,8905962,13,9371200,-1
34262.662445857,4,7219982,100,9364700,1
34262.662495741,4,7219982,25,9364700,1
34262.662534883,1,8907114,5,9369300,-1
34262.662960781,3,8738878,1,9362100,1
34262.662960781,1,8907162,1,9361300,1
34262.663580692,1,8907210,51,9362400,1
34262.664764845,3,8906430,1,9373900,-1
34262.664764845,1,8907310,1,9374500,-1
34262.665588215,3,8906806,100,9362000,1
34262.692531563,3,8907114,5,9369300,-1
34262.703137554,1,8908782,100,9377900,-1
34262.867909695,3,8906818,1,9378700,-1
34263.223277541,3,8908782,100,9377900,-1
34263.223351695,1,8922726,100,9377400,-1
34263.556265546,1,8931586,20,9378200,-1
34263.737419099,3,8922726,100,9377400,-1
34263.737496247,1,8936038,100,9375500,-1
34263.791709933,1,8936986,1,9367800,1
34263.791901055,5,0,2,9372800,1
34263.792151006,5,0,1,9369600,1
34263.792602889,3,8907310,1,9374500,-1
34263.792602889,1,8937302,1,9377300,-1
34263.792712421,3,8936986,1,9367800,1
34263.793005775,3,8931586,20,9378200,-1
34263.793243413,3,8936038,100,9375500,-1
34263.793315824,1,8937446,100,9375600,-1
34263.793379801,3,8937302,1,9377300,-1
34263.79347,3,8907162,1,9361300,1
34263.79347,1,8937482,1,9362600,1
34263.793906418,3,8937446,100,9375600,-1
34263.794266119,3,8937482,1,9362600,1
34263.794266119,1,8937566,1,9361400,1
34264.592202963,5,0,100,9368400,1
34264.592202963,5,0,33,9367800,1
34264.688160045,3,8869142,100,9374800,-1
34264.688230698,1,8951458,100,9374600,-1
34266.035077574,3,8907210,51,9362400,1
34266.035778367,1,8974658,21,9362800,1
34266.520075905,3,8974658,21,9362800,1
34266.520650866,3,8976778,30,9359200,1
34266.520708447,1,8983586,30,9359400,1
34266.52076436,1,8983594,73,9363000,1
34266.619491018,1,8984966,1,9367500,1
34266.620766967,3,8983594,73,9363000,1
34266.621463061,1,8985190,31,9363200,1
34267.105978573,3,8758450,1,9374800,-1
34267.127704107,1,8993426,1,9374600,-1
34267.793146766,3,8985190,31,9363200,1
34267.9932799,1,9009102,78,9379900,-1
34271.139925143,1,9077470,30,9361100,1
34271.177199596,3,9077470,30,9361100,1
34273.435226325,1,9116634,30,9361200,1
34273.456248484,3,9116634,30,9361200,1
34273.47222373,1,9117194,68,9363100,1
34274.866344885,3,8984966,1,9367500,1
34274.867102479,3,8937566,1,9361400,1
34274.867102479,1,9136058,1,9363200,1
34274.869085697,1,9136094,1,9365200,1
34275.925344116,1,9158082,20,9374900,-1
34276.634049245,3,8993426,1,9374600,-1
34276.64301626,1,9167214,1,9374500,-1
34276.668201744,3,8951458,100,9374600,-1
34276.668269283,1,9167638,100,9374400,-1
34276.860195379,1,9170834,30,9361300,1
34276.861676965,3,9136058,1,9363200,1
34276.861676965,1,9170866,1,9362800,1
34276.882451479,3,9170834,30,9361300,1
34277.953752748,5,0,1,9366300,1
34278.231063397,5,0,1,9366300,1
34279.253491613,1,9201762,30,9362500,1
34279.274481064,1,9202106,100,9364400,1
34279.275460395,3,9201762,30,9362500,1
34279.881731638,3,9202106,100,9364400,1
34279.882148971,1,9209278,100,9364500,1
34279.908160766,3,9167638,100,9374400,-1
34279.924166331,3,9209278,100,9364500,1
34280.417274522,1,9217094,30,9362500,1
34280.417275748,1,9217098,40,9361000,1
34280.418571128,3,9217094,30,9362500,1
34280.418620441,1,9217138,30,9362600,1
34280.455773773,3,9217138,30,9362600,1
34280.45577522,3,9217098,40,9361000,1
34280.610541606,1,9220782,100,9364400,1
34281.09072883,3,9220782,100,9364400,1
34281.09233716,1,9228438,75,9364400,1
34282.378137413,5,0,40,9366300,1
34283.054566013,1,9260026,1,9364500,1
34283.056689122,3,9260026,1,9364500,1
34283.056742392,1,9260034,1,9364600,1
34283.582346627,3,9009102,78,9379900,-1
34283.582450294,1,9270778,1,9374500,-1
34283.612440004,3,9270778,1,9374500,-1
34283.612440004,1,9271430,1,9377700,-1
34283.615435551,3,9260034,1,9364600,1
34283.615486641,1,9271590,1,9365300,1
34285.555095743,3,9271590,1,9365300,1
34285.555147,1,9298154,1,9365400,1
34286.221115699,1,9305782,100,9375200,-1
34286.778626849,3,9167214,1,9374500,-1
34286.807456325,1,9314794,1,9374200,-1
34288.317604362,1,9342714,1,9367500,1
34289.03169997,5,0,20,9369800,1
34294.97563975,3,9298154,1,9365400,1
34294.975689475,1,9439906,1,9367600,1
34295.103615206,1,9444742,100,9374000,-1
34295.329210571,3,9305782,100,9375200,-1
34295.329287222,1,9448230,100,9375000,-1
34295.675842562,3,9136094,1,9365200,1
34296.952885842,3,9439906,1,9367600,1
34296.952946093,1,9467678,1,9367700,1
34299.234673101,4,9467678,1,9367700,1
34299.23471416,1,9494734,10,9370900,-1
34299.235741522,1,9494818,1,9372700,-1
34299.236127266,4,9342714,1,9367500,1
34299.236924136,5,0,50,9367500,1
34299.264712799,3,9494734,10,9370900,-1
34299.265739834,3,9494818,1,9372700,-1
34300.059676191,1,9503890,1,9373900,-1
34300.059761346,3,9170866,1,9362800,1
34300.059761346,1,9503910,1,9362300,1
34300.089817116,3,9503890,1,9373900,-1
34300.366114631,3,9314794,1,9374200,-1
34300.384727778,1,9507986,1,9374000,-1
34300.819887176,3,9444742,100,9374000,-1
34300.819959104,1,9513594,100,9373800,-1
34300.922208845,1,9514502,100,9364400,1
34301.346001162,3,9448230,100,9375000,-1
34301.787476978,3,9514502,100,9364400,1
34301.787882768,1,9526386,100,9364500,1
34301.827779354,1,9526830,100,9364000,1
34304.445507851,3,9117194,68,9363100,1
34304.484236718,3,9526386,100,9364500,1
34304.485241864,1,9554170,100,9364700,1
34305.985504891,1,9572626,68,9365100,1
34306.006663323,3,9554170,100,9364700,1
34306.007221376,1,9572842,100,9365100,1
34306.458448283,3,9572626,68,9365100,1
34306.796387988,3,9572842,100,9365100,1
34306.796813317,1,9581318,100,9365200,1
34306.797151423,3,9503910,1,9362300,1
34306.797151423,1,9581338,1,9364500,1
34307.020868374,3,9504466,1,9377300,-1
34307.020868374,1,9583990,1,9373700,-1
34307.02165025,3,9583990,1,9373700,-1
34307.02165025,1,9584078,1,9376600,-1
34307.022032499,3,9581338,1,9364500,1
34307.022032499,1,9584162,1,9365300,1
34307.032000496,1,9584406,30,9362800,1
34307.032317218,1,9584418,80,9366300,1
34307.159778561,3,9581318,100,9365200,1
34307.160178499,1,9585794,100,9366400,1
34307.84129541,3,9526830,100,9364000,1
34307.841368325,1,9595742,100,9365900,1
34307.865995753,3,9507986,1,9374000,-1
34307.921136044,1,9596666,1,9373800,-1
34308.457067843,3,9584418,80,9366300,1
34308.457266391,3,9584162,1,9365300,1
34308.457266391,1,9603218,1,9364000,1
34308.457763737,1,9603230,62,9366500,1
34308.476682979,3,9585794,100,9366400,1
34308.477317422,1,9603350,100,9366500,1
34308.876373641,5,0,100,9372000,1
34308.876825835,3,9603238,30,9362900,1
34308.876879893,1,9606678,30,9363000,1
34308.897293057,3,9603350,100,9366500,1
34308.897692615,1,9606742,100,9366600,1
34309.321906382,3,9603230,62,9366500,1
34309.322642371,3,9606678,30,9363000,1
34309.322744013,3,9603254,100,9362800,1
34309.322813035,1,9611902,100,9362900,1
34309.339221896,3,9611902,100,9362900,1
34310.840307807,3,9595742,100,9365900,1
34310.863994138,3,9611894,30,9362100,1
34310.864054344,1,9627774,30,9362200,1
34310.864513032,1,9627786,39,9365700,1
34310.895779611,3,9627786,39,9365700,1
34310.896152923,3,9627774,30,9362200,1
34310.89621163,1,9627986,30,9362100,1
34310.896456403,1,9627994,80,9366600,1
34310.911114031,1,9628122,100,9362900,1
34311.663008397,5,0,100,9367700,1
34311.664004296,1,9635510,30,9363000,1
34311.725161704,3,9596666,1,9373800,-1
34311.734333304,1,9635802,1,9373700,-1
34312.413630133,3,9635510,30,9363000,1
34312.413683718,1,9644906,30,9363100,1
34312.422244428,3,9627994,80,9366600,1
34312.445160456,3,9628122,100,9362900,1
34312.568670001,1,9646358,100,9363000,1
34313.008335947,5,0,2,9367200,1
34313.169061622,3,9513594,100,9373800,-1
34313.515321323,3,9644906,30,9363100,1
34313.515381749,1,9656966,30,9363200,1
34313.533289202,3,9646358,100,9363000,1
34313.536999063,3,9606742,100,9366600,1
34313.537405789,1,9657514,100,9366700,1
34313.537757151,3,9603218,1,9364000,1
34313.537757151,1,9657526,1,9364500,1
34313.548815532,1,9657662,100,9363100,1
34313.55547683,3,9656966,30,9363200,1
34313.555529084,1,9657782,40,9362500,1
34313.555529976,1,9657786,30,9364000,1
34313.960699118,3,9635802,1,9373700,-1
34313.984375985,1,9665278,1,9373600,-1
34314.061709468,1,9666158,73,9367500,1
34314.061832181,3,9657786,30,9364000,1
34314.062427942,3,9657662,100,9363100,1
34314.062497602,1,9666190,100,9364000,1
34314.607916659,3,9666158,73,9367500,1
34314.608235913,3,9666190,100,9364000,1
34314.608312276,1,9671962,100,9363900,1
34314.608602127,1,9671966,31,9365900,1
34314.608948167,3,9671962,100,9363900,1
34314.855078922,1,9676770,100,9366200,1
34315.428284768,3,9671966,31,9365900,1
34316.775795851,5,0,100,9366800,1
34318.138905485,1,9719882,100,9366800,1
34318.151587382,3,9657514,100,9366700,1
34318.152053168,1,9720138,100,9366800,1
34318.209587441,3,9665278,1,9373600,-1
34318.236978201,1,9720906,1,9373500,-1
34318.868752527,3,9676770,100,9366200,1
34318.868825705,1,9727862,100,9366300,1
34321.585893918,1,9773066,100,9366300,1
34321.785852981,5,0,100,9366900,1
34324.057004128,3,9666170,30,9362700,1
34324.057058366,1,9809886,30,9362800,1
34325.025580364,1,9820842,100,9366900,1
34325.043319629,3,9720138,100,9366800,1
34325.043722612,1,9821322,100,9367000,1
34325.065247931,1,9821910,55,9366300,1
34325.511984802,3,9821322,100,9367000,1
34325.512367235,1,9833278,100,9367100,1
34325.601688791,3,9773066,100,9366300,1
34325.601760823,1,9834830,100,9366600,1
34327.893072442,3,9727862,100,9366300,1
34327.893145258,1,9868910,100,9366600,1
34328.078622832,1,9871918,100,9367200,1
34328.096180354,3,9833278,100,9367100,1
34328.096567475,1,9872286,100,9367200,1
34328.559490496,3,9720906,1,9373500,-1
34328.576365949,1,9879890,1,9373400,-1
34331.125627886,5,0,95,9373300,1
34331.125627886,4,9879890,1,9373400,-1
34331.125647997,1,9928886,8,9370200,1
34331.125674618,1,9928950,16,9370300,1
34331.126358635,1,9929130,5,9372300,1
34331.129776342,4,9158082,20,9374900,-1
34331.130580494,3,9584078,1,9376600,-1
34331.130580494,1,9929974,1,9380900,-1
34331.131369037,3,9929974,1,9380900,-1
34331.133594179,3,9869174,25,9380900,-1
34331.134454041,3,9892654,25,9381000,-1
34331.138269469,1,9930578,25,9384200,-1
34331.140576849,1,9930638,100,9379900,-1
34331.144432438,4,7278530,1,9377100,-1
34331.144477834,1,9931002,1,9372700,1
34331.145234348,3,9930638,100,9379900,-1
34331.14841558,3,9929130,5,9372300,1
34331.148486089,3,9928886,8,9370200,1
34331.155673624,3,9928950,16,9370300,1
34331.166007153,3,9930610,25,9384400,-1
34331.16614203,3,9930578,25,9384200,-1
34331.171310907,3,9931842,33,9385000,-1
34331.171480817,3,9930078,1,9381100,-1
34331.171480817,1,9932338,1,9384800,-1
34331.171980302,1,9932354,29,9385700,-1
34331.340691069,3,8906810,1,9386000,-1
34331.828662116,3,9872286,100,9367200,1
34332.61507709,3,9834830,100,9366600,1
34333.423119378,1,9959706,2,9378800,-1
34334.906570118,3,9868910,100,9366600,1
34335.937140827,1,9990674,100,9372700,1
34338.256886386,1,10019938,30,9364500,1
34338.257439355,1,10019946,80,9366900,1
34338.25917105,3,10019946,80,9366900,1
34338.272692861,1,10020174,65,9367000,1
34338.278706878,3,10020174,65,9367000,1
34338.279370084,1,10020246,66,9367600,1
34339.326178484,5,0,100,9374700,1
34339.326221456,3,9931002,1,9372700,1
34339.544065862,1,10035754,1,9373300,1
34339.544144567,1,10035758,100,9373300,1
34339.544147627,3,9990674,100,9372700,1
34341.7602685,3,10020246,66,9367600,1
34341.760965466,1,10074898,63,9367900,1
34342.558182254,1,10089478,10,9378700,-1
34342.641989824,1,10090226,100,9372800,1
34343.229305028,3,10074898,63,9367900,1
34343.23029544,1,10097282,30,9368900,1
34343.232729231,1,10097334,1,9371400,1
34343.362857452,3,9959706,2,9378800,-1
34343.401371463,1,10104714,2,9378700,-1
34345.12097057,3,10097282,30,9368900,1
34345.121022215,1,10129590,30,9369000,1
34345.702760837,3,10129590,30,9369000,1
34345.702811408,1,10137090,30,9369100,1
34345.706766346,1,10137182,30,9371900,1
34345.721673548,3,9932354,29,9385700,-1
34346.197745214,3,10104714,2,9378700,-1
34346.221974328,1,10144690,3,9378800,-1
34346.223562386,4,10089478,10,9378700,-1
34346.223605795,1,10144746,25,9376000,1
34346.223612704,1,10144750,1,9374800,1
34346.223782286,4,6367530,149,9378800,-1
34346.223808487,4,6367530,133,9378800,-1
34346.223808487,4,6367534,287,9378800,-1
34346.223808487,4,10144690,3,9378800,-1
34346.224124398,3,10035758,100,9373300,1
34346.233678751,4,3157066,5,9380000,-1
34346.233678751,4,3370030,1,9380000,-1
34346.233678751,4,3505466,3,9380000,-1
34346.233678751,4,4838058,35,9380000,-1
34346.233678751,4,5524026,4,9380000,-1
34346.233678751,4,5864654,6,9380000,-1
34346.233678751,4,7512042,15,9380000,-1
34346.233678751,4,9412426,1,9380000,-1
34346.2336825,1,10145670,5,9378000,1
34346.234283703,1,10145934,100,9384800,-1
34346.234673278,3,9932338,1,9384800,-1
34346.234673278,1,10146002,1,9386500,-1
34346.235465565,3,10146002,1,9386500,-1
34346.235465565,1,10146106,1,9387300,-1
34346.236474027,1,10146162,41,9374500,1
34346.237886765,3,10137286,25,9386600,-1
34346.253603064,3,10144746,25,9376000,1
34346.263678409,3,10145670,5,9378000,1
34346.263709523,3,10144750,1,9374800,1
34346.274232327,1,10147362,100,9371400,1
34346.948714356,3,10146158,30,9371600,1
34346.948766559,1,10161582,40,9370200,1
34346.948768051,1,10161586,30,9371700,1
34346.961180123,3,10146162,41,9374500,1
34346.961966727,3,10097334,1,9371400,1
34346.961966727,1,10161986,1,9373400,1
34346.962015737,1,10161994,100,9373300,1
34346.962549687,3,10147362,100,9371400,1
34346.963164928,1,10162026,100,9373400,1
34346.963165385,3,10161994,100,9373300,1
34346.963351066,1,10162042,100,9371500,1
34346.963925955,3,10161986,1,9373400,1
34346.963925955,1,10162054,1,9373500,1
34346.964195322,1,10162058,100,9373500,1
34346.964196267,3,10162026,100,9373400,1
34346.964949456,3,10162054,1,9373500,1
34346.964949456,1,10162070,1,9373600,1
34346.965150474,1,10162082,100,9373600,1
34346.965151605,3,10162058,100,9373500,1
34346.965905919,3,10162070,1,9373600,1
34346.965905919,1,10162122,1,9373700,1
34346.966559143,1,10162158,100,9373700,1
34346.966560776,3,10162082,100,9373600,1
34346.967319897,3,10162122,1,9373700,1
34346.967319897,1,10162178,1,9373800,1
34346.967422721,3,10162158,100,9373700,1
34346.967423629,1,10162182,100,9373800,1
34346.968182259,3,10162178,1,9373800,1
34346.968182259,1,10162266,1,9373900,1
34346.969203427,1,10162362,100,9373900,1
34346.969203655,3,10162182,100,9373800,1
34346.969967299,3,10162266,1,9373900,1
34346.969967299,1,10162382,1,9374000,1
34346.970297289,3,10162362,100,9373900,1
34346.970306081,1,10162398,100,9374000,1
34346.971071551,3,10162382,1,9374000,1
34346.971071551,1,10162418,1,9374100,1
34346.9713949,3,10162398,100,9374000,1
34346.971396572,1,10162434,100,9374100,1
34346.97216021,3,10162418,1,9374100,1
34346.97216021,1,10162458,1,9374200,1
34346.981727418,1,10162610,100,9374200,1
34346.981728602,3,10162434,100,9374100,1
34348.003867281,3,10145934,100,9384800,-1
34348.309142534,1,10179814,2,9374200,1
34348.844911386,3,10162458,1,9374200,1
34348.844911386,1,10185106,1,9374300,1
34348.845024649,1,10185114,100,9374300,1
34348.845029754,3,10162610,100,9374200,1
34348.845586417,3,10161586,30,9371700,1
34348.845638523,1,10185146,30,9371800,1
34348.936923618,3,10185106,1,9374300,1
34348.936923618,1,10186650,1,9374400,1
34348.938488536,1,10186758,100,9374400,1
34348.938488811,3,10185114,100,9374300,1
34349.566659678,3,10186650,1,9374400,1
34349.566659678,1,10195866,1,9374500,1
34349.567058806,1,10195914,100,9374500,1
34349.567060919,3,10186758,100,9374400,1
34349.567081254,1,10195922,40,9370500,1
34349.567107443,1,10195926,30,9372100,1
34349.567816257,3,10195866,1,9374500,1
34349.567816257,1,10196030,1,9374600,1
34349.568059262,3,10195914,100,9374500,1
34349.568060204,1,10196050,100,9374600,1
34349.568369745,3,10195926,30,9372100,1
34349.568395074,3,10195922,40,9370500,1
34349.568421536,1,10196058,30,9374500,1
34349.568444965,1,10196062,40,9373800,1
34349.568468472,1,10196066,21,9378400,1
34349.568814285,3,10196030,1,9374600,1
34349.568814285,1,10196082,1,9374700,1
34349.569121365,3,10196050,100,9374600,1
34349.569224234,3,10196058,30,9374500,1
34349.569276849,1,10196190,30,9374600,1
34349.570076219,3,10146106,1,9387300,-1
34349.570112284,3,10196082,1,9374700,1
34349.570112284,1,10196422,1,9378500,1
34349.600111335,3,10196422,1,9378500,1
34349.600111335,1,10198558,1,9377800,1
34349.690533711,3,10196190,30,9374600,1
34349.690585597,1,10200378,30,9375400,1
34349.718075124,3,10196066,21,9378400,1
34349.718731481,1,10201306,68,9378200,1
34349.718845453,3,10200378,30,9375400,1
34349.718864552,3,10196062,40,9373800,1
34349.718897793,1,10201314,30,9375500,1
34349.71891682,1,10201318,40,9373900,1
34349.948152886,1,10206802,100,9375200,1
34350.24133279,1,10211854,100,9376500,1
34350.385911121,3,10201314,30,9375500,1
34350.38596616,1,10213858,30,9375600,1
34350.389100198,3,10201306,68,9378200,1
34350.389774244,1,10214114,69,9378400,1
34350.448099016,3,10206802,100,9375200,1
34350.448180256,1,10214558,100,9375300,1
34350.692729722,3,10211854,100,9376500,1
34350.924371526,3,10198558,1,9377800,1
34350.924371526,1,10224870,1,9378500,1
34350.924468752,3,10213858,30,9375600,1
34350.924506101,1,10224914,40,9374100,1
34350.924516824,4,6157626,69,9386800,-1
34350.924518144,1,10224922,30,9375700,1
34350.924544473,4,6157626,31,9386800,-1
34350.924547888,4,7061642,81,9387400,-1
34350.924552878,3,10196414,1,9390300,-1
34350.924564647,1,10224966,1,9380800,1
34350.924568784,1,10224982,5,9382500,1
34350.924589582,1,10224994,5,9382600,1
34350.92463465,4,7061642,19,9387400,-1
34350.924684583,4,6321646,1,9387500,-1
34350.924820413,4,3502726,5,9388000,-1
34350.924851829,4,3502726,25,9388000,-1
34350.924851829,4,3505458,6,9390000,-1
34350.924851829,4,4277538,3,9390000,-1
34350.924851829,4,7162034,10,9390000,-1
34350.924851829,4,7277738,3,9390000,-1
34350.924851829,4,2736790,20,9391000,-1
34350.924851829,4,7675470,40,9391000,-1
34350.924851829,4,9544982,12,9391200,-1
34350.924944548,4,9544982,11,9391200,-1
34350.92527567,3,9544982,77,9391200,-1
34350.925291209,3,9516898,100,9391900,-1
34350.92530369,3,9490246,100,9392100,-1
34350.925346558,3,10224870,1,9378500,1
34350.925346558,1,10225378,1,9380900,1
34350.926082558,3,10224942,1,9392500,-1
34350.926082558,1,10225550,1,9392800,-1
34350.926136391,3,10225378,1,9380900,1
34350.926136391,1,10225574,1,9382700,1
34350.926930134,3,10225574,1,9382700,1
34350.926930134,1,10225626,1,9378100,1
34350.926959046,3,10224966,1,9380800,1
34350.926961686,3,10224994,5,9382600,1
34350.9269628,3,10224982,5,9382500,1
34350.927223898,1,10225638,100,9391900,-1
34350.932341506,3,10198746,25,9395400,-1
34350.932793854,3,10198754,25,9395500,-1
34350.935601002,1,10225986,25,9394300,-1
34350.941144774,3,10225986,25,9394300,-1
34350.968138689,1,10226514,100,9375400,1
34351.084381587,1,10228550,100,9391900,-1
34351.13286989,3,10162166,1,9396100,-1
34351.280951338,3,10214114,69,9378400,1
34351.281024217,1,10230602,100,9378100,1
34351.281445303,3,10224914,40,9374100,1
34351.281462966,3,10224922,30,9375700,1
34351.281497817,1,10230622,40,9374200,1
34351.281517183,1,10230626,30,9375800,1
34351.281640157,1,10230630,77,9378700,1
34351.28169845,3,10230602,100,9378100,1
34351.28178385,3,10225626,1,9378100,1
34351.28178385,1,10230650,1,9378200,1
34351.476355697,3,10226514,100,9375400,1
34351.476427769,1,10232210,100,9375500,1
34351.622241977,1,10234182,65,9394000,-1
34351.774081931,3,10230622,40,9374200,1
34351.774083339,3,10230626,30,9375800,1
34351.774136031,1,10235650,40,9374300,1
34351.774138208,1,10235654,30,9375900,1
34351.91704958,3,10235654,30,9375900,1
34351.917068451,3,10235650,40,9374300,1
34351.917103237,1,10237306,30,9376000,1
34351.917127499,1,10237310,40,9374400,1
34351.976356895,3,10232210,100,9375500,1
34351.976428834,1,10237706,100,9375700,1
34352.271005986,3,10230630,77,9378700,1
34352.271473519,3,10237310,40,9374400,1
34352.271509027,3,10237306,30,9376000,1
34352.271531932,1,10241566,40,9374500,1
34352.271559676,1,10241570,30,9376100,1
34352.27173855,1,10241578,76,9379100,1
34352.485145466,3,10241570,30,9376100,1
34352.485147172,3,10241566,40,9374500,1
34352.485204311,1,10243478,40,9374700,1
34352.485205559,1,10243482,30,9376200,1
34352.487284547,3,10237706,100,9375700,1
34352.487353637,1,10243514,100,9375900,1
34352.84574446,1,10247858,100,9389400,-1
34352.845814663,3,10225638,100,9391900,-1
34352.846881214,1,10247906,100,9389300,-1
34353.104299429,5,0,59,9389200,1
34353.104299429,5,0,41,9389200,1
34353.104354398,1,10251190,1,9381700,1
34353.104893163,3,10247906,100,9389300,-1
34353.104959542,1,10251226,100,9381700,1
34353.116882486,3,10243514,100,9375900,1
34353.132284651,3,10243478,40,9374700,1
34353.132336144,1,10251874,40,9374800,1
34353.13233714,3,10243482,30,9376200,1
34353.132390518,1,10251878,30,9376300,1
34353.56060962,3,10251226,100,9381700,1
34353.668705507,1,10260134,100,9377800,1
34354.071124236,3,10251878,30,9376300,1
34354.071133565,3,10251874,40,9374800,1
34354.071174245,1,10267742,30,9376400,1
34354.071314663,1,10267754,37,9393900,-1
34354.073876321,3,10241578,76,9379100,1
34354.074629939,1,10267890,43,9379400,1
34354.075589736,3,10267742,30,9376400,1
34354.075645197,1,10267918,40,9375000,1
34354.075646618,1,10267922,30,9376500,1
34354.13449146,1,10271794,100,9381700,1
34354.632468075,3,10260134,100,9377800,1
34354.632540604,1,10278794,100,9381200,1
34355.38398794,3,10271794,100,9381700,1
34355.384736709,1,10291586,100,9389100,-1
34355.384768923,3,10251190,1,9381700,1
34355.404505656,3,10247858,100,9389400,-1
34355.405668624,3,10291586,100,9389100,-1
34355.405668624,1,10292050,100,9389000,-1
34355.864233825,1,10297570,10,9378800,1
34356.516718324,3,10267922,30,9376500,1
34356.51676111,1,10309010,40,9375100,1
34356.516772133,1,10309014,30,9376600,1
34356.604486287,3,10309014,30,9376600,1
34356.604519044,1,10309846,40,9375200,1
34356.604539609,1,10309850,30,9376700,1
34357.497745341,5,0,1,9385100,1
34357.63970101,1,10323414,100,9388800,-1
34357.64012977,3,10292050,100,9389000,-1
34358.974856744,1,10342002,100,9380700,1
34359.281348363,1,10347678,1,9380000,1
34359.417474237,3,10267754,37,9393900,-1
34359.418195304,1,10349322,57,9394600,-1
34359.420676577,3,10267890,43,9379400,1
34359.421339962,1,10349394,35,9379600,1
34359.443917927,3,10323414,100,9388800,-1
34359.443988089,1,10349714,100,9388600,-1
34359.572549131,1,10352734,23,9387800,-1
34359.57264062,1,10352778,1,9386200,1
34359.572675072,4,10352778,1,9386200,1
34359.572717481,1,10352854,6,9387000,-1
34359.57275472,3,10349394,35,9379600,1
34359.57290059,3,10352734,23,9387800,-1
34359.572980396,3,10349402,30,9376800,1
34359.573032976,1,10352998,40,9375400,1
34359.573033919,1,10353002,30,9376900,1
34359.573242555,1,10353070,100,9383500,1
34359.573273057,3,10352854,6,9387000,-1
34359.573466124,1,10353166,37,9379400,1
34359.57388289,1,10353214,100,9380500,1
34359.573927048,5,0,11,9386000,1
34359.573927048,5,0,50,9383900,1
34359.573927048,4,10353070,39,9383500,1
34359.573946511,3,10353070,61,9383500,1
34359.57447219,3,10353214,100,9380500,1
34359.574601983,1,10353354,11,9383500,1
34360.083895093,1,10360362,7,9383500,1
34360.084798186,3,10360362,7,9383500,1
34361.022231813,1,10370342,10,9381300,1
34366.152130443,1,10444426,100,9388400,-1
34366.414555312,4,10353354,11,9383500,1
34366.414580082,5,0,100,9383000,1
34366.414599481,1,10450334,25,9386000,-1
34366.444597087,3,10450334,25,9386000,-1
34366.455500733,3,10349714,100,9388600,-1
34369.99206942,1,10504450,25,9379900,1
34370.404625166,1,10515610,4,9382600,1
34370.405155199,3,10515610,4,9382600,1
34370.406974738,3,10444426,100,9388400,-1
34370.40772876,3,10225550,1,9392800,-1
34370.40772876,1,10515814,1,9391800,-1
34370.42877464,1,10516166,100,9391800,-1
34370.429526752,3,10515814,1,9391800,-1
34370.429526752,1,10516182,1,9391700,-1
34370.457964809,3,10516166,100,9391800,-1
34370.45797341,1,10516618,100,9391700,-1
34370.458728542,3,10516182,1,9391700,-1
34370.458728542,1,10516622,1,9391600,-1
34370.501528711,1,10517074,100,9391600,-1
34370.501529061,3,10516618,100,9391700,-1
34370.502293665,3,10516622,1,9391600,-1
34370.502293665,1,10517090,1,9391500,-1
34370.512488341,3,10517074,100,9391600,-1
34370.512489362,1,10517222,100,9391500,-1
34370.513258022,3,10517090,1,9391500,-1
34370.513258022,1,10517234,1,9391400,-1
34370.536366471,3,10517222,100,9391500,-1
34370.536374595,1,10517486,100,9391400,-1
34370.537141334,3,10517234,1,9391400,-1
34370.537141334,1,10517514,1,9391300,-1
34370.552970615,1,10517598,100,9391300,-1
34370.552972524,3,10517486,100,9391400,-1
34370.553729549,3,10517514,1,9391300,-1
34370.553729549,1,10517606,1,9391200,-1
34370.554486792,1,10517610,100,9391200,-1
34370.554487805,3,10517598,100,9391300,-1
34370.555247422,3,10517606,1,9391200,-1
34370.555247422,1,10517638,1,9391100,-1
34370.557645325,3,10517610,100,9391200,-1
34370.557653324,1,10517674,100,9391100,-1
34370.558407784,3,10517638,1,9391100,-1
34370.558407784,1,10517690,1,9391000,-1
34370.558989363,3,10517674,100,9391100,-1
34370.558990811,1,10517702,100,9391000,-1
34370.559751982,3,10517690,1,9391000,-1
34370.559751982,1,10517710,1,9390900,-1
34370.574558899,1,10517898,100,9390900,-1
34370.57455992,3,10517702,100,9391000,-1
34370.575315318,3,10517710,1,9390900,-1
34370.575315318,1,10517922,1,9390800,-1
34370.575451848,3,10517898,100,9390900,-1
34370.575452766,1,10517942,100,9390800,-1
34370.576209951,3,10517922,1,9390800,-1
34370.576209951,1,10517950,1,9390700,-1
34370.583295351,1,10518046,100,9390700,-1
34370.583296667,3,10517942,100,9390800,-1
34370.584050015,3,10517950,1,9390700,-1
34370.584050015,1,10518050,1,9390600,-1
34370.609731536,1,10518250,100,9381200,1
34370.666893819,1,10518718,100,9390600,-1
34370.66689498,3,10518046,100,9390700,-1
34370.667664209,3,10518050,1,9390600,-1
34370.667664209,1,10518722,1,9390500,-1
34370.668569107,3,10518718,100,9390600,-1
34370.668571541,1,10518754,100,9390500,-1
34370.669333403,3,10518722,1,9390500,-1
34370.669333403,1,10518758,1,9390400,-1
34370.669621961,3,10518754,100,9390500,-1
34370.669624122,1,10518766,100,9390400,-1
34370.670392142,3,10518758,1,9390400,-1
34370.670392142,1,10518786,1,9390300,-1
34370.671047366,1,10518802,100,9390300,-1
34370.671050929,3,10518766,100,9390400,-1
34370.671799718,3,10518786,1,9390300,-1
34370.671799718,1,10518826,1,9390200,-1
34370.67223871,1,10518834,100,9390200,-1
34370.672241849,3,10518802,100,9390300,-1
34370.672993279,3,10518826,1,9390200,-1
34370.672993279,1,10518846,1,9390100,-1
34370.673472732,1,10518850,100,9390100,-1
34370.673473016,3,10518834,100,9390200,-1
34370.674237643,3,10518846,1,9390100,-1
34370.674237643,1,10518858,1,9390000,-1
34370.683236888,3,10518850,100,9390100,-1
34370.683239302,1,10518894,100,9390000,-1
34370.683995957,3,10518858,1,9390000,-1
34370.683995957,1,10518906,1,9389900,-1
34370.729955697,1,10519174,100,9389900,-1
34370.729956007,3,10518894,100,9390000,-1
34370.730711877,3,10518906,1,9389900,-1
34370.730711877,1,10519182,1,9389800,-1
34370.751792273,1,10519534,100,9389800,-1
34370.751792545,3,10519174,100,9389900,-1
34370.81129823,1,10520286,100,9381200,1
34371.928096652,1,10539234,25,9393500,-1
34371.928317258,1,10539274,25,9393600,-1
34371.963973329,3,10539234,25,9393500,-1
34371.964093164,3,10539274,25,9393600,-1
34374.029985445,1,10573826,100,9381300,1
34374.030112426,3,10519534,100,9389800,-1
34375.02230302,3,10342002,100,9380700,1
34375.022522723,1,10585714,100,9380800,1
34376.975514456,3,10349322,57,9394600,-1
34376.976225579,1,10610538,58,9394100,-1
34377.416037212,1,10615250,100,9389800,-1
34377.416795464,3,10519182,1,9389800,-1
34377.416795464,1,10615274,1,9389700,-1
34377.427283112,1,10615490,100,9388200,-1
34377.431778586,3,10615250,100,9389800,-1
34377.705033641,3,10615490,100,9388200,-1
34377.705092965,1,10621294,100,9389700,-1
34378.84461975,5,0,110,9383000,1
34378.8446369,5,0,90,9383000,1
34378.8446369,5,0,30,9381700,1
34378.8446369,5,0,100,9381500,1
34378.8446369,5,0,80,9381400,1
34378.844644199,5,0,20,9381400,1
34378.844644199,5,0,80,9381400,1
34378.844646718,5,0,20,9381400,1
34378.844646718,5,0,40,9381400,1
34378.844666096,5,0,50,9381400,1
34378.844669523,5,0,10,9381400,1
34378.844669523,4,10370342,10,9381300,1
34378.844669523,4,10573826,100,9381300,1
34378.844669523,4,10278794,100,9381200,1
34378.844679918,4,10518250,80,9381200,1
34378.844687919,4,10518250,20,9381200,1
34378.844687919,4,10520286,100,9381200,1
34378.84469906,4,10585714,100,9380800,1
34378.844716287,1,10633702,25,9385500,-1
34378.844717682,1,10633706,1,9387400,-1
34378.845086095,3,10574818,1,9378500,1
34378.845086095,1,10633886,1,9378400,1
34378.84514567,1,10633902,25,9384500,-1
34378.845184612,4,10347678,1,9380000,1
34378.845184612,4,10504450,25,9379900,1
34378.845184612,4,10353166,37,9379400,1
34378.845184612,4,10297570,10,9378800,1
34378.845242562,5,0,6,9380800,1
34378.845277104,3,10633706,1,9387400,-1
34378.84543568,3,10615274,1,9389700,-1
34378.84543568,1,10634018,1,9389600,-1
34378.845676815,3,10611778,40,9374700,1
34378.845683276,3,10611782,30,9376200,1
34378.845726686,4,10633886,1,9378400,1
34378.8457301,1,10634050,40,9374500,1
34378.845735623,1,10634054,30,9376100,1
34378.845764054,3,10633702,25,9385500,-1
34378.845784893,5,0,6,9380500,1
34378.845893547,1,10634074,1,9383300,-1
34378.846250632,3,10633902,25,9384500,-1
34378.846732909,3,10634050,40,9374500,1
34378.846744685,3,10634054,30,9376100,1
34378.846792797,1,10634218,30,9372900,1
34378.847585954,3,10634218,30,9372900,1
34378.849026197,3,10634018,1,9389600,-1
34378.849026197,1,10634434,1,9383900,-1
34378.849040258,1,10634438,75,9387400,-1
34378.849673464,3,10634438,75,9387400,-1
34378.849819326,3,10634434,1,9383900,-1
34378.849819326,1,10634490,1,9383200,-1
34378.849829903,1,10634498,5,9380300,-1
34378.855556679,3,10575646,25,9372600,1
34378.856236838,3,10575638,25,9372500,1
34378.857310479,3,10621294,100,9389700,-1
34378.85840336,1,10634718,1,9381200,-1
34378.864338841,3,10575082,100,9371500,1
34378.865433411,3,10634718,1,9381200,-1
34378.867462857,1,10635094,100,9370300,1
34378.875077851,3,10634498,5,9380300,-1
34378.875892152,3,10634074,1,9383300,-1
34378.876197822,1,10635342,70,9387600,-1
34378.878048466,1,10635390,25,9392600,-1
34378.878669367,3,10634958,25,9392500,-1
34378.880329273,3,10635390,25,9392600,-1
34378.881824257,1,10635466,25,9393200,-1
34378.883468961,3,10635094,100,9370300,1
34378.891896507,3,10635238,100,9367300,1
34378.904061675,5,0,54,9379600,1
34379.042915206,1,10639042,100,9382900,-1
34379.042986865,1,10639066,100,9374200,1
34379.043643459,1,10639122,20,9392200,-1
34379.043676614,3,10634490,1,9383200,-1
34379.043676614,1,10639126,1,9382800,-1
34379.050278039,3,10353374,1,9371700,1
34379.050319627,3,10200466,1,9366800,1
34379.052274177,1,10639242,100,9372300,1
34379.070096306,3,10639242,100,9372300,1
34379.250612688,3,10639042,100,9382900,-1
34379.250612688,1,10641578,100,9382700,-1
34379.250654657,3,10323478,100,9364700,1
34379.251374432,3,10639126,1,9382800,-1
34379.251374432,1,10641594,1,9382600,-1
34379.252549486,3,10635342,70,9387600,-1
34379.253167675,3,10639122,20,9392200,-1
34379.253239778,1,10641678,20,9392100,-1
34379.358273303,3,10641678,20,9392100,-1
34379.358343764,1,10642426,20,9391400,-1
34379.381250607,1,10649498,1,9382900,-1
34379.38341654,3,10642426,20,9391400,-1
34379.389515177,3,10641578,100,9382700,-1
34379.389515177,1,10650578,100,9382500,-1
34379.391097155,1,10650678,57,9387900,-1
34379.477521985,3,10639066,100,9374200,1
34379.478730649,3,10650678,57,9387900,-1
34379.479401042,1,10655506,23,9387800,-1
34379.729886998,1,10660894,100,9374200,1
34379.729924177,3,10655506,23,9387800,-1
34379.736980972,1,10661046,1,9364400,1
34379.741010057,3,10660894,100,9374200,1
34379.891509515,1,10663066,49,9387400,-1
34379.951136288,3,10661046,1,9364400,1
34380.284906315,1,10672386,100,9367900,1
34380.394264023,3,10663066,49,9387400,-1
34380.406652143,1,10675050,100,9374200,1
34381.697735962,1,10705098,100,9382400,-1
34381.697808721,3,10675050,100,9374200,1
34381.698237691,3,10650578,100,9382500,-1
34381.934622622,1,10707946,25,9388600,-1
34381.948914009,1,10708878,25,9388800,-1
34382.843998507,1,10723374,100,9370800,1
34383.55295257,3,10708878,25,9388800,-1
34383.556180853,1,10737474,25,9388700,-1
34384.065870071,1,10749954,100,9370900,1
34385.174360464,3,10707946,25,9388600,-1
34385.174493745,3,10737474,25,9388700,-1
34385.177568261,1,10773126,25,9385800,-1
34385.177794605,1,10773146,25,9385900,-1
34385.213096635,3,10773126,25,9385800,-1
34385.21325232,3,10773146,25,9385900,-1
34385.216343144,1,10774738,25,9388600,-1
34385.216619012,1,10774750,25,9388700,-1
34385.233314413,3,10705098,100,9382400,-1
34385.233386492,1,10775390,100,9382200,-1
34386.318143762,3,10723374,100,9370800,1
34386.318143762,1,10794694,100,9368700,1
34387.415736022,3,10775390,100,9382200,-1
34387.415807019,1,10813158,100,9382000,-1
34388.571518225,3,10774750,25,9388700,-1
34388.57466295,1,10839102,25,9388600,-1
34389.405196481,3,10839102,25,9388600,-1
34389.40803386,1,10854538,25,9388500,-1
34389.504637928,3,10813158,100,9382000,-1
34389.50470885,1,10855266,100,9381800,-1
34390.146488758,3,10774738,25,9388600,-1
34390.149768016,1,10866034,25,9388400,-1
34390.150537776,3,10854538,25,9388500,-1
34390.151894528,3,10866034,25,9388400,-1
34390.153716692,1,10866066,25,9388600,-1
34390.154689895,1,10866070,25,9388500,-1
34390.425672241,3,10794694,100,9368700,1
34390.425693627,3,10672386,100,9367900,1
34390.425693627,1,10870206,100,9365500,1
34390.605245776,3,10649498,1,9382900,-1
34390.635456727,1,10872450,1,9381700,-1
34390.977071111,1,10876594,100,9381700,-1
34391.047931074,3,10866070,25,9388500,-1
34391.051076437,1,10877614,25,9388400,-1
34391.297932588,3,10641594,1,9382600,-1
34391.297932588,1,10882622,1,9381600,-1
34391.298746231,1,10882698,100,9381500,-1
34391.299509087,3,10882622,1,9381600,-1
34391.299509087,1,10882798,1,9381400,-1
34391.304106092,1,10882862,25,9385800,-1
34391.339187432,3,10882862,25,9385800,-1
34391.648562858,1,10890906,26,9367400,1
34392.911986851,3,10533910,1,9370000,1
34392.9155149,3,10882698,100,9381500,-1
34392.945568898,3,10855266,100,9381800,-1
34392.945637756,1,10911994,100,9381600,-1
34393.002329175,3,10890906,26,9367400,1
34394.391382108,3,10883834,25,9388600,-1
34394.39563599,1,10928422,25,9388500,-1
34394.499968239,3,10179814,2,9374200,1
34394.500020736,3,10870206,100,9365500,1
34394.500020736,1,10929622,100,9364600,1
34394.776576939,3,10882798,1,9381400,-1
34394.776576939,1,10935118,1,9385100,-1
34394.776600783,1,10935130,1,9369200,1
34394.777798866,1,10935426,76,9367600,1
34394.779505397,3,10928422,25,9388500,-1
34394.782732766,1,10936150,25,9388400,-1
34394.806449993,3,10935426,76,9367600,1
34394.806600016,3,10935130,1,9369200,1
34394.806600016,1,10937358,1,9368100,1
34394.815467695,3,10936150,25,9388400,-1
34394.818527478,1,10937746,25,9388500,-1
34395.109651223,3,10876594,100,9381700,-1
34396.056730486,3,10877614,25,9388400,-1
34396.059995328,1,10955510,25,9388300,-1
34396.696276475,1,10964234,5,9370000,1
34396.696278037,4,10911994,40,9381600,-1
34396.696281548,4,10911994,60,9381600,-1
34396.696281548,4,10872450,1,9381700,-1
34396.696326106,1,10964318,5,9377400,1
34396.696329216,1,10964326,1,9375500,1
34396.696338482,1,10964346,5,9375700,1
34396.697128986,4,10935118,1,9385100,-1
34396.697154731,5,0,100,9385400,1
34396.697799759,1,10964998,1,9374100,1
34396.697849576,1,10965002,4,9380000,1
34396.697913784,1,10965026,20,9391600,-1
34396.697981351,1,10965038,100,9388600,-1
34396.698549885,3,10965038,100,9388600,-1
34396.698693926,3,10965026,20,9391600,-1
34396.701243613,1,10965382,1,9390600,-1
34396.701309902,3,10965002,4,9380000,1
34396.701338561,3,10964318,5,9377400,1
34396.701341934,3,10964326,1,9375500,1
34396.701342184,3,10964346,5,9375700,1
34396.701350083,3,10964998,1,9374100,1
34396.701350083,1,10965398,1,9373700,1
34396.701404554,3,10964234,5,9370000,1
34396.701481099,1,10965418,100,9373700,1
34396.702240087,3,10965398,1,9373700,1
34396.702240087,1,10965502,1,9373800,1
34396.702386684,1,10965514,100,9373900,1
34396.70247213,3,10965146,46,9372300,1
34396.702810561,1,10965550,30,9371300,1
34396.703165355,1,10965570,56,9374100,1
34396.703620132,3,10955510,25,9388300,-1
34396.706802345,1,10965686,25,9391700,-1
34396.707563193,3,10937746,25,9388500,-1
34396.708488982,1,10965834,100,9390600,-1
34396.708490175,3,10965418,100,9373700,1
34396.711073069,1,10965978,25,9391800,-1
34396.725225317,3,10965086,67,9392500,-1
34396.749315745,3,10965686,25,9391700,-1
34396.749450916,3,10965978,25,9391800,-1
34396.752320948,1,10967102,25,9393700,-1
34396.75256797,1,10967106,25,9393900,-1
34397.209060242,3,10965570,56,9374100,1
34397.209236736,3,10965502,1,9373800,1
34397.209626648,3,10965550,30,9371300,1
34397.209703176,1,10971830,30,9370600,1
34397.210459408,3,10971830,30,9370600,1
34397.211252661,1,10971922,100,9393900,-1
34397.593335844,1,10976974,15,9381500,1
34397.594898035,1,10977106,1,9375500,1
34397.905531037,3,10967106,25,9393900,-1
34397.908278702,1,10980466,53,9373700,1
34397.90868643,1,10980474,25,9393800,-1
34398.866440522,3,10967102,25,9393700,-1
34398.869570904,1,10989946,25,9393600,-1
34398.909698905,3,10989946,25,9393600,-1
34398.912620863,1,10990186,25,9393700,-1
34399.510670138,3,10965834,100,9390600,-1
34399.70593582,3,10980466,53,9373700,1
34399.706648419,1,11016870,36,9374300,1
34399.712391809,3,10980474,25,9393800,-1
34399.715452093,1,11017166,25,9393700,-1
34399.744445548,3,11017166,25,9393700,-1
34399.747173242,1,11017818,25,9393800,-1
34400.601487996,1,11038438,100,9390600,-1
34400.603045592,1,11038534,100,9387400,-1
34400.605253524,3,11038438,100,9390600,-1
34400.775628331,5,0,40,9381800,1
34402.927537781,1,11067266,25,9393700,-1
34403.684045431,1,11084442,21,9392200,-1
34405.475495463,3,11016870,36,9374300,1
34405.475947302,3,11111578,30,9371300,1
34405.475948498,1,11122290,40,9371700,1
34405.476196865,1,11122338,80,9376000,1
34405.47916603,1,11122642,30,9373300,1
34406.836242151,3,10976974,15,9381500,1
34406.838086352,3,11038534,100,9387400,-1
34406.849467482,1,11153314,100,9390600,-1
34406.850225769,3,10965382,1,9390600,-1
34406.850225769,1,11153326,1,9390500,-1
34406.862647829,1,11153470,100,9390500,-1
34406.862648085,3,11153314,100,9390600,-1
34406.863415483,3,11153326,1,9390500,-1
34406.863415483,1,11153478,1,9390400,-1
34406.864571319,3,11153470,100,9390500,-1
34406.864572937,1,11153502,100,9390400,-1
34406.865334384,3,11153478,1,9390400,-1
34406.865334384,1,11153526,1,9390300,-1
34406.887792028,1,11153882,100,9390300,-1
34406.887792426,3,11153502,100,9390400,-1
34407.532719559,3,11122290,40,9371700,1
34407.532748906,3,11122642,30,9373300,1
34407.532778968,1,11163394,40,9371800,1
34407.532800712,1,11163398,30,9373400,1
34407.558171045,3,11163398,30,9373400,1
34407.558225261,1,11163566,40,9371700,1
34407.558226273,1,11163570,30,9373300,1
34407.885285839,1,11167558,103,9372900,1
34408.28006245,3,11167558,103,9372900,1
34408.648916727,1,11181118,25,9393300,-1
34409.420242771,3,11153526,1,9390300,-1
34409.420242771,1,11198578,1,9390600,-1
34409.421899073,3,11084442,21,9392200,-1
34409.422018552,3,11122338,80,9376000,1
34409.422071899,3,11198578,1,9390600,-1
34409.422071899,1,11198694,1,9390200,-1
34409.422140199,3,10977106,1,9375500,1
34409.422140199,1,11198718,1,9375000,1
34409.422370136,3,11163566,40,9371700,1
34409.42239301,3,11163570,30,9373300,1
34409.422419497,1,11198754,40,9371000,1
34409.422441452,1,11198758,30,9372600,1
34409.422945627,1,11198786,22,9375600,1
34409.423008441,1,11198790,100,9390500,-1
34409.427444318,1,11198826,25,9390200,-1
34409.428203812,3,11198694,1,9390200,-1
34409.428203812,1,11198846,1,9390100,-1
34409.433000755,1,11199026,100,9390100,-1
34409.433003666,3,11153882,100,9390300,-1
34409.433676916,1,11199062,100,9375600,1
34409.433758171,3,11198846,1,9390100,-1
34409.433758171,1,11199074,1,9390000,-1
34409.434325105,1,11199138,100,9390000,-1
34409.434327378,3,11199026,100,9390100,-1
34409.435077797,3,11199074,1,9390000,-1
34409.435077797,1,11199178,1,9389900,-1
34409.442511075,1,11199298,100,9389900,-1
34409.44251254,3,11199138,100,9390000,-1
34409.443264784,3,11199178,1,9389900,-1
34409.443264784,1,11199310,1,9389800,-1
34409.445122214,3,11199298,100,9389900,-1
34409.445123366,1,11199342,100,9389800,-1
34409.445874958,3,11199310,1,9389800,-1
34409.445874958,1,11199350,1,9389700,-1
34409.449382257,3,11199342,100,9389800,-1
34409.449383162,1,11199566,100,9389700,-1
34409.449457721,3,11198826,25,9390200,-1
34409.450142704,3,11199350,1,9389700,-1
34409.450142704,1,11199578,1,9389600,-1
34409.452824796,1,11199630,25,9390400,-1
34409.453611188,1,11199658,100,9374400,1
34409.474935893,3,11199566,100,9389700,-1
34409.474937141,1,11200238,100,9389600,-1
34409.475709086,3,11199578,1,9389600,-1
34409.475709086,1,11200258,1,9389500,-1
34409.47930483,3,11199658,100,9374400,1
34409.496856459,1,11200778,100,9389500,-1
34409.496856719,3,11200238,100,9389600,-1
34409.497614545,3,11200258,1,9389500,-1
34409.497614545,1,11200814,1,9389400,-1
34409.510153276,1,11200950,100,9389400,-1
34409.510155026,3,11200778,100,9389500,-1
34409.510905401,3,11200814,1,9389400,-1
34409.510905401,1,11200954,1,9389300,-1
34409.554782181,1,11201790,100,9389300,-1
34409.554783153,3,11200950,100,9389400,-1
34409.555540707,3,11200954,1,9389300,-1
34409.555540707,1,11201854,1,9389200,-1
34409.557122936,1,11201954,100,9389200,-1
34409.557123877,3,11201790,100,9389300,-1
34409.557879965,3,11201854,1,9389200,-1
34409.557879965,1,11201978,1,9389100,-1
34409.558756528,1,11202010,100,9389100,-1
34409.558756819,3,11201954,100,9389200,-1
34409.559537717,3,11201978,1,9389100,-1
34409.559537717,1,11202042,1,9389000,-1
34409.559691205,1,11202050,100,9389000,-1
34409.55969144,3,11202010,100,9389100,-1
34409.560458085,3,11202042,1,9389000,-1
34409.560458085,1,11202086,1,9388900,-1
34409.562831416,1,11202146,100,9388900,-1
34409.562831704,3,11202050,100,9389000,-1
34409.563593742,3,11202086,1,9388900,-1
34409.563593742,1,11202154,1,9388800,-1
34409.564743762,1,11202194,100,9388800,-1
34409.564744131,3,11202146,100,9388900,-1
34409.565511884,3,11202154,1,9388800,-1
34409.565511884,1,11202214,1,9388700,-1
34409.565690489,1,11202218,100,9388700,-1
34409.565693862,3,11202194,100,9388800,-1
34409.566449038,3,11202214,1,9388700,-1
34409.566449038,1,11202258,1,9388600,-1
34409.566648612,1,11202262,100,9388600,-1
34409.566649543,3,11202218,100,9388700,-1
34409.567408946,3,11202258,1,9388600,-1
34409.567408946,1,11202290,1,9388500,-1
34409.568550464,3,11202262,100,9388600,-1
34409.568558096,1,11202334,100,9388500,-1
34409.569312177,3,11202290,1,9388500,-1
34409.569312177,1,11202362,1,9388400,-1
34409.889748171,3,11202334,100,9388500,-1
34410.084560603,1,11220050,25,9390400,-1
34410.11002022,3,11220050,25,9390400,-1
34410.111139585,3,11202362,1,9388400,-1
34410.111139585,1,11222402,1,9390600,-1
34410.111329706,3,11198718,1,9375000,1
34410.111329706,1,11222606,1,9375700,1
34410.111527092,3,11198758,30,9372600,1
34410.111601387,1,11222862,30,9372700,1
34410.113300528,1,11224242,25,9390000,-1
34410.113638813,3,11199630,25,9390400,-1
34410.115515375,3,11224242,25,9390000,-1
34410.117376961,3,11198790,100,9390500,-1
34410.140986921,3,11198786,22,9375600,1
34410.141749983,3,11222606,1,9375700,1
34410.141749983,1,11232414,1,9375100,1
34410.141767918,3,11222862,30,9372700,1
34410.141820484,1,11232430,30,9373700,1
34410.142539112,3,11232414,1,9375100,1
34410.142539112,1,11232554,1,9375700,1
34410.15612754,3,11232430,30,9373700,1
34410.156198331,1,11233818,30,9373300,1
34410.16400705,1,11234650,10,9380000,1
34410.164633182,3,11199062,100,9375600,1
34410.188850478,3,11233818,30,9373300,1
34410.188909387,1,11236146,30,9374900,1
34410.211130924,1,11238106,100,9390600,-1
34410.293286938,1,11241086,100,9380000,1
34410.29436969,3,11238106,100,9390600,-1
34410.960082785,1,11258490,100,9390600,-1
34410.961133143,3,11241086,100,9380000,1
34411.179117345,1,11263046,100,9380000,1
34411.179483774,3,11258490,100,9390600,-1
34411.613326484,1,11271614,100,9390600,-1
34411.650591852,3,11271614,100,9390600,-1
34411.816153761,1,11275062,100,9390600,-1
34412.024356436,3,11263046,100,9380000,1
34412.321616159,3,11236146,30,9374900,1
34412.321667512,1,11285262,30,9375000,1
34412.358224597,3,11285262,30,9375000,1
34412.358282004,1,11285946,30,9374900,1
34413.124119054,3,11285946,30,9374900,1
34413.12417325,1,11302586,30,9375000,1
34413.1250184,3,11302586,30,9375000,1
34413.12506853,1,11302622,30,9375100,1
34413.472104751,3,11302622,30,9375100,1
34413.47215763,1,11308418,30,9375200,1
34413.917382329,3,11308418,30,9375200,1
34413.917437826,1,11318490,30,9375300,1
34414.74814478,1,11330778,1,9390100,-1
34414.752313136,3,11275062,100,9390600,-1
34414.832552942,3,11318490,30,9375300,1
34414.832604966,1,11331442,30,9375200,1
34414.833349512,1,11331446,48,9379900,1
34414.871021211,3,11331442,30,9375200,1
34414.87107229,1,11331774,30,9377100,1
34415.125045515,3,11331774,30,9377100,1
34415.12509991,1,11336118,30,9377200,1
34415.479739099,1,11342118,100,9390100,-1
34415.664489608,3,11331446,48,9379900,1
34415.664954433,3,11336118,30,9377200,1
34415.665007466,1,11343670,30,9377300,1
34415.665169134,1,11343674,55,9380100,1
34415.748860514,1,11344446,1,9381500,1
34416.11580432,5,0,100,9390000,1
34416.11580432,4,11330778,1,9390100,-1
34416.115813698,4,11342118,100,9390100,-1
34416.115813698,4,11222402,1,9390600,-1
34416.115836777,4,7408578,5,9391900,-1
34416.115836777,4,10228550,24,9391900,-1
34416.115857779,1,11352990,5,9385800,1
34416.115859319,1,11352998,5,9385700,1
34416.115861549,1,11353006,1,9384200,1
34416.115955914,1,11353182,5,9385800,1
34416.116022684,4,10228550,50,9391900,-1
34416.116048204,4,10228550,26,9391900,-1
34416.116300721,1,11353462,4,9385300,1
34416.1165741,3,11224670,76,9394300,-1
34416.116731586,1,11353594,1,9382300,1
34416.116918999,4,2747970,1,9393000,-1
34416.117032845,1,11353662,5,9389100,1
34416.117663744,1,11353850,1,9385900,1
34416.118441637,3,11353850,1,9385900,1
34416.118441637,1,11354050,1,9384800,1
34416.118459842,3,11353462,4,9385300,1
34416.122641655,3,11335550,25,9395400,-1
34416.123127471,3,11330170,25,9395500,-1
34416.129371734,1,11355198,34,9386300,1
34416.145854956,3,11352990,5,9385800,1
34416.145948757,3,11353182,5,9385800,1
34416.146499581,3,11353662,5,9389100,1
34416.146530063,3,11352998,5,9385700,1
34416.14653099,3,11353006,1,9384200,1
34416.15494985,1,11356438,75,9399900,-1
34416.16221502,1,11356598,85,9383200,1
34416.376251995,1,11361850,100,9398000,-1
34416.727168947,3,11355198,34,9386300,1
34416.727763014,3,11355246,30,9383600,1
34416.727764009,3,11355922,40,9382100,1
34416.727820719,1,11380366,30,9379900,1
34416.72782096,1,11380370,40,9378300,1
34416.729583278,1,11380398,1,9381500,1
34416.731586767,3,11356598,85,9383200,1
34416.73494403,3,11380398,1,9381500,1
34416.734997321,1,11380526,1,9386700,1
34416.739545331,1,11380582,85,9383200,1
34416.739804939,1,11380598,51,9386200,1
34416.740452929,1,11380650,30,9383600,1
34416.928966734,3,11380526,1,9386700,1
34416.929017178,1,11386466,1,9386800,1
34417.940496144,3,11380598,51,9386200,1
34417.941124057,3,11380654,40,9382100,1
34417.941162986,3,11380650,30,9383600,1
34417.941179388,1,11405690,36,9380100,1
34417.941797929,3,11405690,36,9380100,1
34417.942357068,1,11405742,40,9382200,1
34417.942399076,1,11405750,30,9383700,1
34417.942467728,1,11405754,32,9386600,1
34417.959522398,3,11380582,85,9383200,1
34417.971812162,1,11406314,85,9383300,1
34418.070600472,3,11386466,1,9386800,1
34418.07065374,1,11408718,1,9386900,1
34418.073456053,3,11405750,30,9383700,1
34418.073456364,3,11405742,40,9382200,1
34418.073511782,1,11408826,30,9383800,1
34418.173884193,1,11410490,100,9397900,-1
34418.177294393,3,11408718,1,9386900,1
34418.466141671,4,3502026,10,9395000,-1
34418.466182864,1,11416354,9,9390800,1
34418.466192741,1,11416370,5,9389200,1
34418.466194024,1,11416374,1,9387300,1
34418.496180234,3,11416354,9,9390800,1
34418.496211103,3,11416370,5,9389200,1
34418.496213051,3,11416374,1,9387300,1
34418.497600611,1,11417870,85,9383400,1
34418.542868449,3,11417218,103,9383300,1
34418.553021803,1,11420146,200,9383300,1
34418.600006131,3,11420146,200,9383300,1
34418.701119682,3,11417870,85,9383400,1
34418.701192833,1,11423586,85,9383300,1
34418.701735018,3,11408830,40,9382300,1
34418.70174776,3,11408826,30,9383800,1
34418.701786975,1,11423618,40,9382400,1
34418.701799209,1,11423622,30,9383900,1
34418.702095929,3,11354050,1,9384800,1
34418.702095929,1,11423626,1,9386700,1
34418.704465363,1,11423686,1,9386700,1
34418.705219359,3,11423626,1,9386700,1
34418.705219359,1,11423690,1,9386800,1
34418.740607943,1,11424234,100,9386800,1
34418.740793232,1,11424242,103,9383300,1
34418.741371197,3,11423690,1,9386800,1
34418.741371197,1,11424270,1,9386900,1
34418.742795976,3,11423686,1,9386700,1
34418.742847884,1,11424290,1,9386800,1
34418.743791507,3,11424242,103,9383300,1
34418.762666337,3,11424234,100,9386800,1
34418.762674059,1,11424538,100,9386900,1
34418.76343151,3,11424270,1,9386900,1
34418.76343151,1,11424554,1,9387000,1
34418.765331581,3,11424290,1,9386800,1
34418.765385254,1,11424578,1,9386900,1
34418.766345728,1,11424602,100,9387000,1
34418.766346006,3,11424538,100,9386900,1
34418.767098745,3,11424554,1,9387000,1
34418.767098745,1,11424614,1,9387100,1
34418.767160557,3,11424602,100,9387000,1
34419.142035023,1,11431282,100,9387100,1
34419.142883236,3,11424614,1,9387100,1
34419.142883236,1,11431310,1,9387200,1
34419.143832281,3,11424578,1,9386900,1
34419.143883082,1,11431350,1,9387100,1
34419.146422318,1,11431386,100,9387200,1
34419.146424754,3,11431282,100,9387100,1
34419.147185113,3,11431310,1,9387200,1
34419.147185113,1,11431398,1,9387300,1
34419.148038005,1,11431410,100,9387300,1
34419.148038343,3,11431386,100,9387200,1
34419.148792173,3,11431398,1,9387300,1
34419.148792173,1,11431426,1,9387400,1
34419.15086456,3,11431350,1,9387100,1
34419.150917035,1,11431454,1,9387200,1
34419.151815621,1,11431466,100,9387400,1
34419.151815898,3,11431410,100,9387300,1
34419.152662445,3,11431454,1,9387200,1
34419.152713231,1,11431478,1,9387300,1
34419.15390448,3,11431478,1,9387300,1
34419.153954898,1,11431526,1,9387400,1
34419.258138972,3,11423622,30,9383900,1
34419.258139911,3,11423618,40,9382400,1
34419.25819592,1,11432838,40,9382300,1
34419.258196832,1,11432842,30,9383800,1
34419.27283948,3,11405754,32,9386600,1
34419.274159665,3,11432838,40,9382300,1
34419.274167352,3,11432842,30,9383800,1
34419.274217985,1,11433006,30,9385100,1
34419.274225518,1,11433014,40,9383500,1
34419.283242724,1,11433078,85,9384600,1
34419.291154249,3,11431466,100,9387400,1
34419.29215344,1,11433162,100,9387400,1
34419.294397216,3,11433162,100,9387400,1
34419.295557572,1,11433250,100,9387400,1
34419.346429841,3,11433250,100,9387400,1
34419.365787475,1,11434982,100,9387400,1
34419.699364926,3,11433006,30,9385100,1
34419.699389777,3,11433014,40,9383500,1
34419.699440369,1,11443554,40,9383600,1
34419.699462754,1,11443558,30,9385200,1
34419.843290678,3,11431526,1,9387400,1
34419.843348971,1,11446030,1,9387500,1
34419.866545068,3,11434982,100,9387400,1
34419.896362036,3,11433078,85,9384600,1
34419.896434756,1,11446658,85,9384700,1
34420.124678166,3,11431426,1,9387400,1
34420.124678166,1,11451530,1,9387600,1
34420.125937881,3,11443558,30,9385200,1
34420.125951492,3,11443554,40,9383600,1
34420.125990899,1,11451562,30,9385300,1
34420.12600137,1,11451566,40,9383700,1
34420.128589908,3,11446030,1,9387500,1
34420.128645588,1,11451582,1,9387600,1
34420.129041766,3,11451030,25,9380700,1
34420.129412169,3,11451530,1,9387600,1
34420.129412169,1,11451586,1,9387700,1
34420.434751112,3,11451582,1,9387600,1
34420.434801169,1,11456206,1,9387700,1
34420.445013459,3,11446658,85,9384700,1
34420.44508403,1,11456374,85,9384800,1
34420.476969345,3,11451586,1,9387700,1
34420.476969345,1,11456946,1,9387600,1
34420.478994495,3,11451566,40,9383700,1
34420.479013138,3,11451562,30,9385300,1
34420.479048564,1,11456978,40,9383800,1
34420.479064815,1,11456982,30,9385400,1
34420.948117467,3,11456374,85,9384800,1
34420.948187877,1,11462970,85,9384900,1
34421.394044316,1,11469634,100,9387700,1
34421.395638456,3,11469634,100,9387700,1
34421.395967701,1,11469718,100,9387700,1
34421.398457159,3,11469718,100,9387700,1
34421.399372057,1,11469802,100,9387700,1
34421.527750557,3,11469802,100,9387700,1
34421.528118256,1,11470898,100,9387700,1
34421.585110015,3,11470898,100,9387700,1
34421.586737302,1,11471406,100,9387700,1
34421.59612091,3,11471406,100,9387700,1
34421.596743016,1,11471842,100,9387700,1
34421.606223548,3,11471842,100,9387700,1
34421.615110228,1,11472222,100,9387700,1
34421.625323355,3,11472222,100,9387700,1
34421.63022118,1,11472554,100,9387700,1
34421.6464934,3,11472554,100,9387700,1
34421.666268846,1,11473114,100,9387700,1
34421.705987753,3,11473114,100,9387700,1
34421.709119184,1,11473586,100,9387700,1
34421.753207999,3,11473586,100,9387700,1
34421.762910151,1,11474110,100,9387700,1
34421.789797653,3,11474110,100,9387700,1
34421.790313581,1,11474810,100,9387700,1
34421.79311674,3,11474810,100,9387700,1
34421.795322751,1,11475002,100,9387700,1
34421.949124655,3,11475002,100,9387700,1
34421.949592666,1,11477882,100,9387700,1
34422.056870667,3,11477882,100,9387700,1
34422.061209782,1,11480566,100,9387700,1
34422.067266127,3,11480566,100,9387700,1
34422.070735293,1,11481074,100,9387700,1
34422.076086955,3,11481074,100,9387700,1
34422.077968995,1,11481246,100,9387700,1
34422.23040115,3,11481246,100,9387700,1
34422.503799159,3,11462970,85,9384900,1
34422.503873598,1,11486966,85,9384800,1
34422.503922302,3,11456978,40,9383800,1
34422.503973415,1,11486978,40,9383700,1
34422.504026811,3,11456982,30,9385400,1
34422.5040842,1,11486986,30,9385300,1
34422.589991351,1,11488306,8,9387800,1
34422.590917937,1,11488318,8,9387900,1
34422.591271166,3,11486986,30,9385300,1
34422.591336327,1,11488338,30,9385400,1
34422.594602124,3,11456206,1,9387700,1
34422.594656526,1,11488370,1,9387800,1
34422.595819944,1,11488386,100,9387500,1
34422.612938109,1,11488530,100,9387900,1
34422.613895542,3,11488306,8,9387800,1
34422.61391224,3,11488338,30,9385400,1
34422.613962572,1,11488550,30,9385500,1
34422.614487978,3,11488370,1,9387800,1
34422.614537707,1,11488574,1,9387900,1
34422.623782614,1,11488706,8,9388000,1
34422.623850998,1,11488710,100,9388000,1
34422.623851916,3,11488530,100,9387900,1
34422.624664616,3,11488318,8,9387900,1
34422.626580672,3,11488574,1,9387900,1
34422.626630083,1,11488818,1,9388000,1
34422.634732556,1,11489138,8,9388100,1
34422.637408265,1,11489178,100,9388100,1
34422.637408575,3,11488710,100,9388000,1
34422.63823636,3,11488706,8,9388000,1
34422.640531925,3,11488818,1,9388000,1
34422.640580811,1,11489250,1,9388100,1
34422.648395429,1,11489290,8,9388200,1
34422.648536132,1,11489294,100,9388200,1
34422.648537154,3,11489178,100,9388100,1
34422.64940674,3,11489138,8,9388100,1
34422.650510859,3,11489250,1,9388100,1
34422.650559639,1,11489330,1,9388200,1
34422.659439099,1,11489518,8,9388300,1
34422.659504561,1,11489522,100,9388300,1
34422.659504911,3,11489294,100,9388200,1
34422.660396312,3,11489290,8,9388200,1
34422.663469805,3,11489330,1,9388200,1
34422.663520615,1,11489586,1,9388300,1
34422.670381321,1,11489642,8,9388400,1
34422.670446175,1,11489646,100,9388400,1
34422.670446528,3,11489522,100,9388300,1
34422.671322623,3,11489518,8,9388300,1
34422.673461636,3,11489586,1,9388300,1
34422.6735141,1,11489678,1,9388400,1
34422.681410414,1,11489722,8,9388500,1
34422.681472432,1,11489726,100,9388500,1
34422.681474163,3,11489646,100,9388400,1
34422.684515389,3,11489678,1,9388400,1
34422.684564353,1,11489778,1,9388500,1
34423.353463123,3,11489778,1,9388500,1
34423.353512721,1,11503622,1,9388600,1
34423.354425986,3,11489642,8,9388400,1
34423.358573772,1,11503694,100,9388600,1
34423.35857977,3,11489726,100,9388500,1
34423.364379789,1,11503794,8,9388600,1
34423.470120678,3,11488550,30,9385500,1
34423.470172304,1,11505770,30,9385200,1
34423.47161568,3,11505770,30,9385200,1
34423.471669872,1,11505782,30,9385600,1
34423.668701904,3,2478914,32,9397900,-1
34423.670782029,1,11507930,30,9397900,-1
34423.71967,3,11505782,30,9385600,1
34423.71972351,1,11508866,30,9385700,1
34424.322463771,3,11508866,30,9385700,1
34424.322517502,1,11519290,30,9385200,1
34424.36245145,3,11511954,85,9385200,1
34424.642763386,5,0,84,9396900,1
34424.642834744,1,11524206,1,9390300,1
34424.642907854,3,11503694,100,9388600,1
34424.643685642,3,11489722,8,9388500,1
34424.646398456,3,11503622,1,9388600,1
34424.646450287,1,11524342,1,9389800,1
34424.647836839,3,11524342,1,9389800,1
34424.647885538,1,11524354,1,9390400,1
34424.653707675,1,11524462,8,9390400,1
34424.746253294,1,11525486,1,9389800,1
34425.35086798,4,11524354,1,9390400,1
34425.35086798,4,11524462,8,9390400,1
34425.350873921,4,11524206,1,9390300,1
34425.350893221,4,11525486,1,9389800,1
34425.350893221,5,0,8,9389600,1
34425.350921454,1,11537342,23,9394200,-1
34425.350943879,1,11537382,1,9396900,-1
34425.350945162,1,11537386,2,9394400,-1
34425.350954458,4,11503794,8,9388600,1
34425.350959012,1,11537426,1,9396400,-1
34425.351103736,5,0,56,9388200,1
34425.351103736,4,11456946,1,9387600,1
34425.351103736,4,11488386,44,9387500,1
34425.351514094,1,11537810,1,9397800,-1
34425.351928494,1,11537926,5,9391000,-1
34425.352420602,3,11519290,30,9385200,1
34425.352425851,3,11519286,40,9383600,1
34425.353308573,1,11538218,30,9379700,1
34425.354498073,3,11519506,25,9380700,1
34425.355471368,4,11488386,56,9387500,1
34425.356148118,3,11451598,25,9380800,1
34425.36015239,1,11539874,50,9378500,1
34425.360407988,1,11539922,1,9392700,-1
34425.360762186,3,11539874,50,9378500,1
34425.369167893,3,11538214,40,9378100,1
34425.369180395,3,11538218,30,9379700,1
34425.371860464,3,11539278,25,9375200,1
34425.375696059,3,11540794,25,9375300,1
34425.376772756,3,11505926,100,9379100,1
34425.379964884,1,11542162,100,9378600,1
34425.380914846,3,11537342,23,9394200,-1
34425.381926529,3,11537926,5,9391000,-1
34425.381958247,3,11537386,2,9394400,-1
34425.381959593,3,11537426,1,9396400,-1
34425.385001189,3,11506010,100,9376100,1
34425.388283594,1,11543050,100,9375600,1
34425.39046194,3,11410490,100,9397900,-1
34425.397964095,3,11542162,100,9378600,1
34425.410011876,1,11544458,25,9399100,-1
34425.410956548,3,11543050,100,9375600,1
34425.433429446,1,11545782,100,9381100,1
34425.433472837,3,11446034,100,9373600,1
34425.451666667,3,11545782,100,9381100,1
34425.504468026,1,11550382,103,9373500,1
34425.520948041,3,11550382,103,9373500,1
34425.585068776,3,11356306,1,9373300,1
34425.822724695,3,11408714,100,9372800,1
34426.154178238,1,11568634,5,9392500,-1
34426.154220865,3,11537514,100,9372700,1
34426.154942499,3,11539922,1,9392700,-1
34426.154942499,1,11568714,1,9392400,-1
34426.155180401,1,11568738,100,9392400,-1
34426.155949095,3,11568714,1,9392400,-1
34426.155949095,1,11568770,1,9392300,-1
34426.157725218,1,11568794,100,9392300,-1
34426.157725489,3,11568738,100,9392400,-1
34426.158479573,3,11568770,1,9392300,-1
34426.158479573,1,11568810,1,9392200,-1
34426.165135146,1,11568954,100,9392200,-1
34426.165135384,3,11568794,100,9392300,-1
34426.165900309,3,11568810,1,9392200,-1
34426.165900309,1,11568966,1,9392100,-1
34426.167654883,1,11569014,58,9397700,-1
34426.172022467,1,11569094,100,9392100,-1
34426.172022774,3,11568954,100,9392200,-1
34426.172790034,3,11568966,1,9392100,-1
34426.172790034,1,11569110,1,9392000,-1
34426.184177127,3,11568634,5,9392500,-1
34426.204177067,1,11569426,100,9392000,-1
34426.20417845,3,11569094,100,9392100,-1
34426.204933335,3,11569110,1,9392000,-1
34426.204933335,1,11569466,1,9391900,-1
34426.204974734,3,11537530,100,9372600,1
34426.205688148,1,11569506,100,9391900,-1
34426.205688537,3,11569426,100,9392000,-1
34426.206439163,3,11569466,1,9391900,-1
34426.206439163,1,11569514,1,9391800,-1
34426.221384264,3,11569506,100,9391900,-1
34426.2213933,1,11569638,100,9391800,-1
34426.222150343,3,11569514,1,9391800,-1
34426.222150343,1,11569646,1,9391700,-1
34426.224663874,1,11569658,100,9391700,-1
34426.224664194,3,11569638,100,9391800,-1
34426.225425696,3,11569646,1,9391700,-1
34426.225425696,1,11569666,1,9391600,-1
34426.225715536,1,11569678,100,9391600,-1
34426.225717662,3,11569658,100,9391700,-1
34426.226475207,3,11569666,1,9391600,-1
34426.226475207,1,11569682,1,9391500,-1
34426.228555528,3,11569678,100,9391600,-1
34426.228556438,1,11569714,100,9391500,-1
34426.229313106,3,11569682,1,9391500,-1
34426.229313106,1,11569766,1,9391400,-1
34426.23797054,1,11569834,100,9391400,-1
34426.237970826,3,11569714,100,9391500,-1
34426.238729565,3,11569766,1,9391400,-1
34426.238729565,1,11569866,1,9391300,-1
34426.239315116,1,11569906,100,9391300,-1
34426.239316191,3,11569834,100,9391400,-1
34426.240070798,3,11569866,1,9391300,-1
34426.240070798,1,11569938,1,9391200,-1
34426.247393575,1,11570046,100,9386100,1
34426.24745816,3,11569906,100,9391300,-1
34426.247917936,4,11570046,100,9386100,1
34426.247962653,1,11570078,5,9388700,-1
34426.247986116,1,11570090,100,9391200,-1
34426.24825353,3,11541366,40,9373300,1
34426.248271282,3,11541370,30,9374900,1
34426.248716474,3,11569938,1,9391200,-1
34426.248716474,1,11570194,1,9388600,-1
34426.24876601,5,0,100,9385900,1
34426.248776758,3,11570090,100,9391200,-1
34426.253554934,1,11570346,1,9371100,1
34426.27795838,3,11570078,5,9388700,-1
34426.299207619,1,11571078,30,9374900,1
34426.456780792,3,11570346,1,9371100,1
34427.057071129,3,10749954,100,9370900,1
34427.499315351,4,11570194,1,9388600,-1
34427.49933989,5,0,100,9389200,1
34427.499361564,1,11589518,5,9384300,1
34427.499668117,1,11589594,100,9396900,-1
34427.499734605,1,11589618,1,9383000,1
34427.500134463,1,11589746,1,9377500,1
34427.500659804,1,11589822,1,9388800,-1
34427.50069091,3,11589518,5,9384300,1
34427.500695286,3,11589618,1,9383000,1
34427.500721402,3,11589594,100,9396900,-1
